1872 3183
553 127 1039 172 ASTRONOMICON
1070 127 1136 169 IV
1534 129 1611 168 111

121 248 189 280 810
245 245 378 296 utque
397 239 467 281 illa
486 239 596 281 inter
615 253 658 280 se
677 243 831 281 coeunt
851 238 1031 293 odioque
1050 242 1301 293 repugnant,

247 328 358 356 nuno
378 314 556 355 aduersa
575 312 686 368 polo,
707 327 818 354 nunc
838 317 881 354 et
900 312 1126 354 coniuncta
1145 312 1324 367 trigono,

245 402 437 443 quaeque
457 387 538 428 alia
558 388 601 428 in
619 387 759 429 uarios
778 386 972 428 adfectus
990 400 1118 427 causa
1136 386 1358 440 gubernat,

244 462 303 504 sic
322 466 458 503 terrae
477 461 598 502 terris
618 460 886 516 respondent,
908 460 1080 501 orbibus
1100 460 1233 508 orbes,

244 536 368 577 litora
387 535 593 585 litoribus,
614 534 750 590 regnis
769 534 980 576 contraria
1000 548 1127 589 regna
1146 548 1154 583 3

120 617 189 649 815
244 609 302 650 sic
322 609 401 650 erit
420 613 464 650 et
482 608 600 650 sedes
619 608 817 663 fugienda
836 607 1104 663 petendaque
1123 607 1289 661 cuique,

245 683 304 725 sic
323 682 531 738 speranda
550 682 666 732 fides,
687 683 745 724 sic
765 687 808 723 et
828 681 1056 723 metuenda
1076 681 1243 736 pericla,

246 761 296 799 ut
314 771 444 812 genus
463 757 508 798 in
526 761 683 798 terram
702 756 817 798 caelo
836 755 1054 797 descendit
1073 755 1128 796 ab
1148 755 1248 796 alto.

299 831 466 886 percipe
485 845 596 872 nunc
616 831 746 872 etiam
766 845 874 885 quae
893 830 978 871 sint
998 829 1190 884 ecliptica
1210 829 1335 871 Graio

247 905 428 955 nomine,
450 905 565 960 quod
583 910 719 946 certos
739 904 860 959 quasi
879 904 1090 945 delassata
1109 918 1182 958 per
1203 917 1334 944 annos

123 987 190 1019 820
246 994 331 1020 non
350 993 585 1034 numquam
604 984 771 1020 cessant
789 978 919 1020 sterili
939 977 1152 1033 torpentia
1172 982 1305 1018 motu.

246 1053 404 1095 scilicet
423 1053 612 1095 inmenso
632 1053 737 1094 nihil
756 1057 820 1094 est
839 1052 1013 1107 aequale
1033 1052 1112 1093 sub
1131 1065 1237 1093 aeuo

246 1132 555 1182 perpetuosque
574 1132 693 1168 tenet
712 1127 833 1168 flores
853 1141 1069 1181 unumque
1089 1130 1292 1175 tenorem,

246 1206 468 1243 mutantur
488 1201 561 1242 sed
579 1206 734 1243 cuncta
753 1185 820 1242 die
839 1201 1092 1255 uariantque
1112 1214 1186 1255 per
1205 1214 1338 1241 annos
1358 1214 1366 1248 ;

125 1341 276 1372 810-812
302 1341 381 1373 uide
408 1350 436 1373 Π
462 1342 616 1373 270-692
707 1341 767 1372 811
796 1341 937 1373 aduersa
968 1341 1055 1381 polo,
1093 1342 1255 1381 διάμετροι,
1290 1340 1436 1371 aduersa
1468 1339 1558 1371 inter
1585 1349 1619 1370 se

80 1393 163 1433 quia
180 1395 256 1424 toto
273 1392 367 1424 caelo
385 1392 496 1424 diuisa
512 1396 605 1430 sunt,
623 1402 650 1424 11
667 1393 775 1424 395-7'
792 1403 876 1433 quae
892 1392 1036 1424 diuersis
1053 1402 1068 1423 e
1081 1391 1236 1432 partibus
1252 1395 1341 1423 astra
1357 1391 1517 1433 refulgent
1537 1389 1542 1434 Ι
1559 1400 1621 1431 per

80 1443 227 1475 medium
260 1444 399 1476 aduerso
432 1444 596 1476 mundum
625 1444 807 1485 pendentia
839 1444 937 1475 uultu
958 1442 962 1486 Ι
983 1446 1011 1474 et
1044 1446 1106 1474 loto
1140 1443 1254 1475 diuisa
1287 1445 1422 1474 manent
1454 1442 1621 1474 contraria

79 1495 168 1526 caelo
258 1495 435 1527 coniuncta
473 1495 600 1536 triqorzo
639 1504 667 1526 11
705 1496 857 1527 273-357
949 1497 1102 1526 ceterum
1142 1494 1195 1526 his
1234 1504 1323 1526 nunc
1340 1518 1348 1526 .
1367 1518 1375 1525 .
1395 1518 1402 1525 .
1421 1503 1512 1525 nunc
1550 1503 1620 1525 non

80 1545 217 1577 diuersa
238 1547 404 1587 temporis
426 1549 604 1578 momenta
625 1549 804 1583 notantur,
827 1545 887 1577 sed
909 1545 1042 1587 singula
1064 1549 1169 1583 astra,
1192 1545 1289 1577 uerbi
1310 1555 1415 1576 causa
1436 1545 1619 1582 Cancrum,

80 1597 166 1635 aliis,
191 1596 289 1628 uelut
312 1597 530 1639 Capricorno,
556 1597 712 1634 aduersa,
738 1597 823 1634 aliis,
850 1600 890 1628 ut
914 1597 1080 1634 Piscibus,
1107 1598 1243 1638 trigona
1266 1607 1338 1628 esse
1362 1596 1576 1639 significatur

167 1648 231 1679 812
253 1651 324 1680 alia
344 1652 382 1680 in
402 1652 434 1686 L,
454 1652 562 1681 aliam
586 1652 631 1687 M,
657 1652 695 1680 in
717 1652 742 1680 G
833 1648 917 1679 ordo
941 1648 1140 1679 huiusmodi
1162 1651 1238 1680 est:
1275 1651 1383 1689 utque
1406 1648 1474 1679 alia
1497 1648 1620 1689 quauis

78 1708 184 1731 causa
216 1703 343 1732 coeunt
374 1702 651 1742 repugnantque,
685 1710 774 1741 quae
806 1700 842 1731 in
876 1700 990 1731 uarios
1023 1699 1181 1731 adfectus
1212 1699 1384 1741 gubernat
1474 1698 1622 1740 adfectus

78 1759 107 1782 Π
120 1751 197 1788 341,
211 1752 276 1783 476
366 1751 429 1782 813
443 1751 580 1784 urbibus
593 1751 689 1783 urbe-s·
702 1751 1011 1793 Regiomontanus,
1027 1751 1121 1792 quod
1134 1761 1214 1782 cum
1228 1751 1398 1793 Scaligero
1412 1753 1448 1782 et
1462 1750 1620 1782 Bentleio

78 1797 188 1843 probo
279 1802 343 1833 814
364 1802 462 1844 Verg.
486 1802 570 1834 Aen.
594 1811 632 1834 1v
655 1803 718 1834 628
740 1812 789 1843 sq.
813 1802 911 1834 litora
933 1802 1085 1834 litoribus
1106 1802 1283 1839 contraria,
1299 1801 1461 1844 fluctibus
1481 1801 1591 1833 undas
1612 1799 1617 1843 Ι

79 1853 251 1893 imprecor,
281 1864 377 1885 arma
405 1854 510 1885 armis
600 1854 749 1885 815-817
779 1853 928 1894 exempli
957 1854 1080 1894 gratia,
1112 1854 1172 1894 qui
1202 1854 1238 1884 in
1267 1853 1371 1884 Italia
1400 1853 1466 1884 sub
1496 1852 1620 1884 Librae

80 1904 193 1936 tutela
205 1907 309 1936 natus
322 1905 398 1943 erit,
411 1906 440 1936 is
453 1905 574 1936 melius
588 1905 681 1947 apud
695 1905 816 1937 Cilicas
828 1905 996 1946 populum
1010 1905 1146 1946 trigono
1159 1905 1303 1946 Aquarii
1316 1905 1412 1946 signo
1425 1905 1621 1937 subiectum

79 1955 196 1987 sedem
214 1955 315 1997 eliget
334 1966 440 1997 quam
456 1957 492 1987 in
509 1955 609 1997 Syria
626 1955 779 1987 Arietem
802 1956 926 1987 Librae
949 1956 1133 1988 aduersum
1153 1956 1279 1988 colenti
1299 1958 1401 1993 terra,
1420 1955 1487 1987 illic
1505 1955 1620 1992 fidem,

78 2007 135 2038 hic
164 2006 316 2048 pericula
344 2007 549 2038 inuenturus
639 2007 702 2039 817
730 2017 835 2047 yenus
864 2007 1046 2038 hominum
1075 2007 1227 2049 singulas
1252 2010 1362 2038 terras
1383 2006 1618 2038 incolentium.

79 2067 108 2090 11
128 2058 193 2090 483
214 2068 264 2099 sq.
286 2061 426 2090 naturas
446 2058 620 2090 hominum
636 2082 643 2089 .
663 2082 670 2089 .
690 2082 698 2089 .
715 2058 775 2098 qui
795 2068 898 2098 yenus
918 2069 956 2090 ea:
976 2058 1083 2098 siquis
1103 2058 1228 2090 ducunt
1244 2057 1468 2100 formantibus
1488 2061 1578 2089 ortus

168 2109 317 2140 818-865
343 2119 412 2151 quo
437 2110 473 2141 in
498 2110 595 2151 signo
620 2109 720 2140 Luna
744 2109 881 2147 defecit,
907 2112 946 2141 et
971 2110 1042 2140 eius
1067 2112 1103 2141 et
1127 2110 1158 2141 ei
1183 2110 1335 2151 oppositi
1359 2109 1447 2150 signi
1471 2109 1560 2141 uires
1585 2109 1621 2140 in

79 2163 214 2193 certum
236 2163 375 2203 tempus
398 2161 636 2203 languescunt,
659 2171 729 2202 quo
753 2163 908 2202 tempore
931 2164 1056 2192 exacto
1079 2160 1171 2192 idem
1193 2160 1338 2202 languor
1361 2160 1442 2192 bina
1464 2161 1621 2202 proxime

79 2212 324 2253 praecedentia
338 2213 436 2254 signa
452 2215 611 2254 occupat.
660 2211 748 2243 hanc
764 2211 959 2243 doctrinam
976 2211 1069 2253 apud
1086 2211 1169 2243 alios
1185 2211 1375 2252 astrologos
1390 2221 1460 2243 non
1476 2211 1621 2253 repperi,

80 2264 140 2304 qui
165 2263 250 2305 quid
275 2264 394 2296 Lunae
420 2263 552 2296 Solisue
578 2264 614 2294 in
639 2273 778 2304 quoque
803 2263 912 2294 sidere
938 2262 1095 2294 defectus
1119 2262 1288 2304 significet
1313 2262 1492 2294 declarant
1516 2262 1622 2304 idque

81 2315 223 2356 quando
247 2317 284 2347 et
308 2315 436 2356 quibus
458 2317 666 2346 euenturum
692 2315 749 2351 sit,
770 2314 858 2346 Ptol.
879 2316 958 2346 tetr.
979 2324 1036 2353 pp.
1059 2315 1204 2349 19—2311,
1224 2313 1337 2356 Heph.
1357 2313 1464 2346 Theb.
1485 2323 1499 2346 1
1515 2314 1614 2350 20—4,

80 2366 244 2399 0.0.A.G.
269 2375 323 2398 VH
346 2377 403 2408 pp.
433 2367 573 2403 132-50,
598 2365 684 2407 Lyd.
711 2368 837 2397 ostent.
864 2366 884 2397 9
975 2365 1037 2396 818
1062 2375 1146 2406 quae
1169 2366 1278 2406 signa,
1303 2365 1398 2406 quod
1421 2376 1465 2397 ex
1488 2365 1617 2397 809-11

80 2417 284 2449 adsciscitur
373 2419 536 2455 ecliptica
560 2416 610 2454 L2‚
635 2419 818 2455 eccliptica
838 2420 873 2453 G,
897 2419 1065 2455 egliptica
1085 2420 1143 2448 LM
1165 2416 1328 2457 idemque
1358 2417 1422 2448 848
1558 2416 1620 2447 819

80 2472 259 2501 delassata
283 2468 359 2506 (ΗΡ,
385 2472 583 2501 deslassata
607 2472 641 2506 L,
659 2471 758 2500 delas
780 2471 860 2500 asta
885 2471 918 2499 M
1009 2468 1073 2498 820
1096 2478 1288 2506 numquam
1313 2471 1374 2505 GL,
1395 2477 1563 2506 umquam
1587 2471 1621 2499 M

169 2519 230 2550 821
258 2527 296 2551 IV
323 2520 388 2551 416
415 2522 461 2550 est
487 2519 622 2560 aequale
648 2519 737 2551 nihil
764 2518 806 2550 de
834 2521 945 2550 terrae
973 2519 1146 2560 marisque
1174 2518 1346 2550 tractibus
1436 2518 1496 2550 sub
1523 2529 1618 2555 aeuo,

79 2570 168 2604 Stat.
198 2569 305 2602 Theb.
332 2579 373 2602 XI
398 2571 462 2602 577
490 2580 540 2612 sq.
570 2570 675 2602 scelus
702 2570 759 2601 hoc
786 2570 878 2602 omni
895 2593 903 2602 .
922 2593 930 2602 .
949 2593 957 2601 .
976 2570 1036 2601 sub
1063 2580 1146 2602 aeuo
1167 2569 1314 2614 {uiderit
1340 2580 1411 2602 una
1436 2571 1508 2603 dies

123 2621 186 2653 822
204 2621 306 2661 flores
320 2620 445 2663 plurali
466 2631 609 2653 numero
628 2631 691 2663 pro
707 2620 789 2653 flore
805 2621 878 2653 siue
895 2621 981 2662 ἀκμῇ
997 2622 1069 2653 sine
1087 2620 1246 2663 exemplo
1262 2622 1417 2663 positum
1433 2620 1573 2653 uidetur

167 2675 250 2704 tenet
281 2675 423 2704 tenorem
456 2676 496 2704 ut
528 2676 648 2704 sectam
680 2672 784 2713 sequi,
817 2682 1002 2704 sermonem
1034 2682 1150 2709 serere,
1184 2682 1324 2713 reqnum
1356 2682 1463 2713 reqere

123 2724 186 2756 823
215 2728 402 2757 mutantur
426 2723 550 2761 GL²M²,
579 2728 741 2756 mutatur
768 2727 791 2755 L
821 2727 860 2755 ut
890 2724 965 2761 838,
995 2726 1189 2756 mittantur
1216 2728 1250 2756 M
1340 2727 1396 2756 die
1425 2724 1622 2756 Gronouius

79 2775 152 2808 obs.
171 2784 228 2808 16.
254 2775 285 2813 2,
311 2778 372 2807 diu
403 2774 504 2806 libri:
545 2774 631 2812 ‘die,
665 2778 831 2816 tempore,
865 2775 974 2806 aeuo’
1009 2775 1196 2807 Bentleius.
1245 2785 1315 2807 non
1345 2775 1406 2807 diu
1438 2777 1623 2807 mutantur

79 2827 208 2859 cuncta
242 2826 302 2859 sed
337 2826 409 2858 sine
444 2826 521 2858 fine.
570 2826 720 2858 Huetius
754 2826 815 2859 diu
850 2826 1101 2869 interpretatus
1138 2826 1146 2840 ‘
1161 2826 1395 2859 diuturnitate
1431 2827 1596 2870 temporis
1611 2827 1619 2838 ’
