1872 3183
619 120 1105 165 ASTRONOMICON
1138 121 1203 162 IV
1630 123 1685 161 89

311 231 571 286 Maeotisque
590 230 705 272 lacus
725 230 966 286 Euxinique
985 244 1133 285 aspera
1154 229 1288 285 ponti.

313 308 514 360 [aequora
533 309 576 346 et
595 309 832 346 extremum
852 304 1133 359 Propontidos
1152 303 1509 359 Hellespontum]

187 387 256 420 680
312 380 420 421 hanc
439 379 564 420 Asiae
583 384 742 420 metam
761 378 904 433 posuit
922 383 1076 420 natura
1095 378 1296 433 potentis.

313 453 427 509 quod
446 457 636 508 superest
654 452 826 508 Europa
845 457 976 502 tenet,
997 466 1106 507 quae
1124 452 1261 507 prima
1281 456 1503 493 natantem

313 527 511 568 fluctibus
530 526 779 582 excepitque
798 526 946 568 Iouem
965 532 1221 581 taurumque
1241 525 1426 574 resoluit,

313 615 467 656 ponere
485 615 609 655 passa
628 615 725 642 suos
745 600 863 655 ignis,
885 601 1083 655 onerique
1103 600 1279 655 iugauit.

313 675 381 717 ille
399 674 574 730 puellari
593 674 771 716 donauit
790 674 958 716 nomine
978 673 1077 715 litus

189 757 258 790 685
313 754 357 791 et
375 754 651 790 monumenta
670 749 735 790 sui
753 748 881 790 titulo
900 748 1085 790 sacrauit
1105 748 1271 790 amoris.

152 870 259 902 tendo
288 871 405 903 orbem
434 875 603 903 terrarum
631 872 737 903 ullam
766 873 800 903 in
828 876 964 913 partem
993 871 1159 912 ampliare
1187 871 1297 912 possit
1386 871 1448 902 678
1472 871 1535 902 679
1563 869 1686 901 horum

154 932 316 954 uersuum
329 924 565 964 posteriorem,
579 927 614 954 et
627 926 858 963 Πρωποντίδοιτ
873 933 1033 954 mensura
1050 923 1215 954 uitiosum
1232 925 1268 953 et
1285 922 1330 953 ob
1347 921 1518 963 triplicem
1533 920 1686 953 eiusdem

153 973 229 1005 soni
245 974 281 1005 in
295 975 394 1014 ponti
411 975 632 1015 Propontidos
650 975 903 1015 Hellespontum
918 974 1160 1015 repetitionem
1177 974 1364 1015 ingratum,
1379 972 1507 1004 deleuit
1525 971 1688 1013 Scaliger,

153 1024 213 1065 qui
238 1024 245 1037 ‘
259 1025 410 1066 putabat
424 1025 431 1038 ’
456 1026 571 1067 inquit
595 1026 602 1038 ‘
617 1025 671 1057 ille
694 1029 815 1057 auctor
836 1025 927 1057 illius
950 1024 1108 1056 uersiculi
1129 1024 1369 1066 imperfectam
1391 1034 1463 1056 esse
1481 1024 1686 1059 orationem,

153 1075 237 1116 quia
271 1075 404 1108 dictum
438 1087 559 1117 aspera
587 1077 686 1117 ponti
699 1077 718 1108 ⁷.
767 1076 1070 1118 interpolationem
1105 1076 1165 1117 qui
1203 1076 1327 1107 nolunt
1362 1085 1554 1117 agnoscere,
1590 1073 1688 1106 uelut

153 1126 342 1168 Pingraeus
357 1128 401 1159 ad
415 1131 654 1168 extremumque
667 1131 702 1159 et
717 1128 866 1159 Iacobus
878 1131 905 1159 et
920 1131 1097 1159 ‹za-tremum
1108 1137 1210 1167 usque
1224 1127 1406 1164 coniciens,
1423 1137 1491 1158 non
1507 1126 1688 1158 lenissimis

153 1179 406 1210 mutationibus
436 1179 643 1211 uersiculum
680 1179 878 1221 procudunt
908 1179 1019 1220 qualis
1049 1178 1144 1220 apud
1177 1178 1268 1209 hunc
1301 1181 1443 1219 poetam
1477 1188 1549 1209 non
1577 1180 1689 1213 extat,

153 1229 249 1261 nulla
271 1233 515 1271 praeterquam
538 1233 618 1272 post
641 1231 784 1261 tertium
811 1229 1012 1261 trochaeum
1035 1240 1176 1261 caesura
1199 1229 1411 1260 distinctum.
1459 1228 1519 1260 sed
1542 1229 1689 1270 priorem

154 1290 292 1322 quoque
322 1291 459 1312 uersum
489 1281 666 1312 Bentleius
695 1281 888 1318 damnauit,
919 1280 1013 1322 quod
1042 1282 1113 1312 sine
1143 1291 1246 1312 causa
1274 1280 1400 1312 idonea
1428 1280 1561 1311 factum
1590 1282 1687 1321 puto.

153 1332 294 1369 etenim,
317 1335 357 1364 ut
379 1333 451 1374 ipse
474 1333 565 1364 ultro
587 1332 729 1370 fatetur,
753 1332 895 1364 fuerunt
917 1333 977 1373 qui
999 1331 1145 1363 Tanaidi
1168 1331 1326 1373 Europae
1349 1331 1518 1372 Asiaeque
1542 1331 1690 1362 termino

153 1382 320 1414 Maeotim
346 1386 381 1414 et
407 1384 583 1415 Euxinum
609 1384 847 1425 adiungerent,
868 1383 981 1415 Strab.
1001 1393 1041 1415 XI
1061 1393 1093 1424 p.
1113 1384 1174 1414 491
1196 1385 1380 1424 περιέχεται
1400 1385 1464 1423 γὰρ
1485 1385 1518 1422 (ὴ
1532 1382 1637 1422 Ἀσία)
1655 1386 1690 1414 ἐκ

151 1437 210 1474 μὲν
235 1437 298 1474 τῆσ·
323 1437 465 1476 ἑσπέρασ
489 1436 534 1476 τῷ
558 1436 695 1475 ποταμῷ
716 1435 760 1475 τῷ
781 1437 911 1467 Τανάιδι
936 1438 986 1467 καὶ
1012 1435 1051 1476 τῇ
1076 1437 1234 1467 Μαιώτιδι
1255 1437 1350 1475 μέχρι
1370 1438 1426 1466 τοῦ
1447 1436 1614 1474 Βοσπόρου
1638 1437 1690 1465 καὶ

151 1489 215 1525 τῆσ
252 1489 308 1518 τοῦ
347 1489 494 1525 Εὐξείνου
534 1489 699 1527 παραλίασ
739 1489 800 1526 τῆσ·
840 1489 1045 1525 τελευτώσησ
1086 1489 1134 1517 εἰσ
1173 1489 1230 1525 τὴν
1273 1488 1433 1526 Κολχίδα,
1478 1485 1554 1517 Mel.
1597 1494 1610 1516 Ι
1652 1486 1691 1517 15

157 1537 298 1578 Europa
328 1538 486 1569 terminos
517 1537 610 1569 habet
640 1537 680 1569 ab
715 1538 838 1569 oriente
871 1537 1011 1569 Tanain
1043 1540 1071 1568 et
1103 1536 1277 1568 Maeotida
1309 1540 1337 1568 et
1368 1537 1526 1574 Pontum,
1556 1537 1689 1577 (etiam,

154 1599 197 1620 ne
219 1588 304 1630 quid
325 1588 550 1626 dissimulem,
573 1589 851 1630 Hellespontum,
873 1589 974 1620 Dion.
998 1589 1121 1629 perieg.
1145 1589 1267 1627 14-7);
1302 1587 1344 1619 de
1366 1588 1512 1619 Maeotis
1531 1588 1691 1629 genetiuo

156 1640 242 1672 satis
260 1639 332 1671 dixi
350 1640 394 1671 ad
412 1641 476 1672 617
493 1652 501 1677 ;
529 1640 622 1671 lacu-s
638 1640 764 1682 plurali
781 1650 924 1671 numero
947 1642 1038 1671 recte
1056 1640 1138 1680 poni
1156 1639 1310 1671 ostendit
1326 1639 1440 1671 Strab.
1461 1648 1514 1670 vn
1531 1650 1563 1680 p.
1583 1640 1648 1671 308
1671 1641 1690 1677 ὴ

153 1694 263 1733 σαπρὰ
280 1693 376 1730 λίμνη
396 1715 403 1722 .
422 1715 430 1722 .
453 1715 460 1722 .
479 1693 576 1732 μέροσ
595 1715 602 1722 .
622 1715 630 1722 .
651 1715 657 1722 .
676 1694 738 1730 τῆσ
755 1693 940 1723 Μαιώτιδοσ
957 1693 993 1722 τὸ
1009 1693 1091 1731 πρὸσ
1107 1693 1206 1729 δύο-ιν,
1222 1693 1328 1731 atque
1339 1691 1390 1721 ita
1401 1690 1533 1722 Ennius
1545 1690 1691 1721 sslaeotis

152 1741 318 1783 paludem
351 1752 471 1782 aspera
482 1742 581 1783 ponti
598 1741 699 1774 Silius
718 1742 806 1773 dixit
825 1750 863 1773 vr
881 1743 957 1779 359,
972 1741 1095 1772 inania
1110 1741 1228 1772 mundi
1246 1740 1407 1772 Manilius
1426 1750 1440 1772 1
1460 1742 1521 1773 153
1540 1744 1576 1772 et
1595 1741 1686 1778 alibi,

153 1793 287 1825 caerula
302 1794 385 1824 caeli
402 1793 594 1834 similiaque
612 1794 681 1824 iam
699 1793 879 1824 Lucretius
969 1793 1032 1824 680
1043 1797 1134 1825 hanc
1150 1793 1225 1830 GU,
1240 1802 1307 1823 om.
1321 1796 1392 1830 LM,
1409 1796 1464 1824 hic
1482 1793 1518 1824 ΣΡ
1536 1803 1598 1834 pro
1616 1802 1687 1824 uar.

155 1855 218 1876 scr.
307 1848 428 1884 potens
451 1844 533 1875 Asia
558 1844 754 1885 appellatur
777 1845 882 1875 etiam
901 1844 964 1875 753
989 1846 1025 1875 et
1049 1843 1131 1875 locis
1156 1854 1177 1875 a
1200 1843 1405 1875 Marklando
1430 1843 1475 1874 ad
1499 1843 1588 1876 Stat.
1615 1843 1689 1874 silu.

156 1904 178 1927 v
201 1897 221 1926 2
243 1896 286 1927 56
308 1895 436 1926 adlatis
458 1895 535 1927 Sen.
559 1895 623 1936 Ag.
649 1896 724 1932 785,
748 1895 829 1926 Luc.
849 1904 888 1926 lx
913 1895 1008 1931 1002,
1032 1894 1136 1926 Prisc.
1156 1895 1280 1936 perieg.
1305 1895 1366 1926 951
1458 1895 1521 1926 682
1544 1895 1690 1931 resoluit,

156 1950 192 1979 et
210 1947 345 1978 sarcina
362 1950 398 1978 et
416 1946 584 1978 desiderio
603 1946 765 1978 liberauit
854 1947 916 1977 683
935 1956 1063 1985 ponere
1083 1946 1258 1977 Breiterus
1272 1946 1299 1976 F
1301 1946 1385 1977 leck.
1402 1945 1515 1977 annal.
1538 1946 1604 1977 uol.
1628 1947 1690 1977 139

155 2009 188 2040 p.
215 1999 289 2035 851,
310 2001 463 2036 pondere
481 1997 570 2035 libri,
593 1997 729 2029 condere
750 1997 787 2028 F.
808 1997 938 2028 Iunius.
984 1997 1130 2038 pondere
1152 2007 1214 2038 pro
1234 2007 1357 2037 ponere
1378 1996 1456 2028 libri
1477 1997 1545 2029 Cic.
1565 1996 1689 2038 phaen.

158 2051 232 2088 128,
251 2049 349 2081 Lucr.
365 2058 388 2080 v
405 2050 471 2081 914
559 2059 640 2081 suos
657 2052 751 2087 ignis
770 2048 929 2086 Iacobus,
946 2059 1009 2081 suo
1027 2052 1120 2087 signi
1137 2052 1187 2080 GL
1204 2048 1278 2079 cod.
1295 2048 1459 2086 Venetus,
1473 2058 1535 2081 suo
1549 2052 1640 2087 sigm
1657 2053 1690 2080 M

243 2103 341 2134 oneri
359 2104 407 2132 GL
426 2100 500 2132 cod.
514 2100 678 2137 Venetus,
692 2103 790 2132 oueri
807 2104 841 2131 Μ
930 2103 1072 2138 iugauit
1083 2100 1112 2136 *‚
1126 2102 1244 2138 iugari
1258 2100 1327 2130 iam
1346 2099 1493 2131 Iacobus
1507 2099 1580 2140 (sed
1599 2099 1691 2131 idem

154 2162 314 2194 peruerse
346 2151 550 2191 Venerique),
576 2154 719 2183 iuuauit
745 2150 825 2182 libri
911 2161 1033 2191 ponere
1060 2160 1138 2181 suo-s
1163 2151 1265 2190 iques,
1286 2150 1455 2191 deponere
1481 2160 1559 2182 eam
1585 2161 1691 2192 quam

157 2203 313 2241 ardebat,
335 2203 434 2244 Verg.
459 2203 535 2234 bue.
558 2212 601 2234 111
623 2204 664 2234 66
684 2212 776 2234 meus
796 2202 886 2241 ignis
905 2202 1079 2242 Amyntas.
1128 2202 1220 2233 oneri
1240 2202 1382 2241 iuqauz't,
1400 2202 1515 2233 iunxit
1535 2203 1565 2233 ei
1585 2212 1691 2243 quam

156 2257 311 2292 uexerat,
330 2253 458 2286 Catull.
480 2255 522 2285 64
540 2254 579 2284 21
601 2257 671 2285 tum
692 2253 826 2284 Thetidi
840 2256 937 2294 pater
954 2253 1027 2293 ipse
1044 2252 1229 2292 ichandum
1247 2253 1347 2284 Pelea
1359 2253 1471 2290 sen-sit,
1486 2252 1584 2294 Verg.
1605 2253 1690 2285 Aen.

157 2315 185 2338 11
208 2306 273 2338 729
293 2305 421 2346 pariter
445 2305 618 2345 comitique
641 2305 797 2345 onerique
819 2304 986 2335 timentem
1009 2303 1169 2344 (Creusae
1193 2306 1227 2335 et
1252 2302 1448 2343 Anchisae),
1467 2303 1555 2336 Stat.
1582 2304 1689 2337 Theb.

157 2367 171 2389 1
201 2358 261 2389 181
292 2367 343 2398 sq.
373 2356 511 2388 Sidonii
539 2356 739 2397 nequiquam
762 2355 885 2387 blanda
913 2355 1050 2387 iuuenci
1071 2354 1243 2398 {pondera
1271 2354 1454 2395 Carpathio
1481 2355 1597 2386 iussus
1624 2356 1692 2387 sale

157 2418 309 2449 quaerere
325 2408 485 2445 Cadmus,
502 2407 594 2438 Man.
610 2416 648 2438 Ν
665 2408 727 2439 747
744 2417 794 2448 sq.
813 2407 944 2447 uirqine
960 2406 1097 2446 delapsa
1113 2416 1187 2437 cum
1195 2405 1336 2447 fratrem
1352 2405 1396 2437 ad
1411 2406 1510 2438 litora
1527 2407 1617 2438 uexit
1639 2406 1643 2450 Ι
1664 2412 1692 2439 et

157 2459 270 2491 minui
291 2459 424 2500 defleuit
443 2469 529 2490 onus
551 2458 747 2499 dorsumque
768 2458 878 2490 leuari
989 2461 1062 2489 tam
1086 2457 1220 2489 lenibus
1243 2456 1411 2494 remediis,
1429 2467 1499 2489 una
1521 2457 1690 2496 detracta,

158 2521 229 2542 una
255 2509 401 2546 adiecta,
428 2520 498 2541 una
523 2512 663 2541 mutata
688 2509 816 2546 littera,
843 2511 987 2540 sanatur
1012 2508 1198 2540 uersiculus
1225 2518 1246 2539 a
1271 2507 1440 2550 Scaligero
1467 2508 1692 2551 Bentleioque

157 2572 220 2604 pro
241 2560 423 2602 desperato
443 2563 647 2601 amputatus
735 2560 800 2591 684
819 2563 880 2592 ille
897 2563 943 2597 M,
960 2563 1024 2591 illa
1045 2563 1094 2591 GL
1181 2562 1269 2592 litus
1288 2562 1334 2596 M,
1353 2563 1471 2591 luctus
1494 2563 1555 2596 GL,
1569 2560 1695 2600 fluctus

160 2611 259 2644 codd.
281 2611 372 2643 Flor.
394 2613 429 2642 et
450 2611 548 2642 Bodl.
570 2614 606 2643 et
624 2610 774 2642 editores
795 2613 875 2642 ante
896 2609 1074 2647 Iacobum,
1095 2610 1185 2641 inter
1204 2619 1290 2651 quos
1310 2609 1394 2650 quid
1414 2609 1563 2651 Scaliger
1582 2614 1692 2642 trans-

159 2662 320 2706 ponendo
337 2665 373 2694 et
391 2661 568 2693 Bentleius
584 2663 724 2703 insuper
737 2661 882 2693 delendo
899 2662 1074 2703 peccarint
1091 2671 1360 2692 commemorare
1378 2661 1446 2692 iam
1463 2661 1549 2693 nihil
1565 2662 1693 2694 attinet

247 2714 309 2746 685
327 2717 383 2746 sui
401 2717 474 2751 GM,
491 2716 558 2745 sibi
575 2713 649 2745 cod.
663 2713 826 2750 Venetus,
843 2717 909 2745 sub
931 2716 966 2750 L,
984 2717 1048 2745 sub
1069 2717 1134 2745 hoc
1150 2712 1188 2744 L2
1276 2716 1406 2745 amoris
1423 2716 1492 2750 LM,
1510 2716 1651 2746 honoris
1669 2718 1694 2746 G

248 2765 342 2803 litus,
370 2765 422 2796 sui
449 2765 576 2796 amoris
602 2767 879 2802 monumentum,
907 2763 1010 2796 titulo
1037 2764 1196 2796 sacrauit.
1244 2763 1375 2804 plurale
1402 2764 1605 2796 monimenta
1630 2775 1693 2807 pro

161 2817 325 2859 singulari
342 2817 494 2858 positum
512 2819 565 2848 est
581 2816 687 2847 etiam
706 2825 719 2847 1
737 2816 812 2853 323,
831 2824 854 2847 v
871 2816 946 2853 253,
966 2815 1065 2857 Prop.
1086 2824 1124 2847 IV
1142 2815 1161 2847 6
1182 2815 1232 2852 17,
1251 2814 1307 2847 Sil.
1326 2824 1395 2846 xm
1413 2816 1486 2852 826,
1503 2824 1567 2847 xrv
1585 2817 1648 2848 212
