1872 3183
568 160 1053 205 ASTRONOMICON
1085 160 1152 201 IV
1578 161 1633 200 23

261 273 452 315 dulcibus
471 271 606 314 usuris
626 285 762 326 aequo
781 271 884 312 Ioue
903 275 1096 325 tempora
1115 269 1277 311 uendit.

138 356 204 387 175
259 347 472 403 ingenium
493 345 634 387 sollers
654 359 814 400 suaque
832 345 876 385 in
895 343 1145 399 compendia
1164 357 1350 398 pugnax,

315 421 409 476 quis
428 420 598 462 dubitet
616 419 728 461 uasti
748 433 856 474 quae
876 418 931 460 sit
950 423 1104 459 natura
1123 417 1274 459 Leonis

262 509 450 551 quasque
469 508 545 536 suo
566 494 699 535 dictet
719 493 836 548 signo
855 492 1126 534 nascentibus
1146 496 1257 533 artes
1278 493 1293 532 2

98 665 236 696 dicetur
325 663 479 705 optando,
504 665 642 704 optans,
667 664 708 693 ut
731 662 793 693 201
820 660 1007 699 cohibendo,
1031 669 1060 691 11
1086 661 1147 693 153
1172 660 1346 697 redeundo,
1370 659 1470 700 Verg.
1496 658 1581 690 Aen.
1608 667 1637 690 11

100 717 165 747 6—8
187 716 263 757 quis
285 715 368 746 talia
384 714 492 755 fando
509 737 517 745 .
536 737 543 745 .
562 737 570 745 .
589 716 743 754 temperet
766 723 787 744 a
809 711 958 744 lacrimis
972 714 998 750 ὲ),
1023 712 1106 743 Hor.
1131 721 1235 743 carm.
1260 720 1299 743 IV
1323 712 1361 743 11
1386 711 1492 743 29-31
1518 710 1608 741 ultra
1628 708 1634 752 Ι

98 777 200 808 quam
227 767 300 798 licet
327 775 460 807 sperare
487 764 583 806 nefas
608 764 760 805 putando
781 762 786 806 Ι
806 763 974 804 disparem
1001 764 1088 795 uites
1176 762 1289 794 celeris
1316 772 1435 799 annos,
1464 762 1524 803 qui
1552 761 1637 793 sorti

98 819 171 850 siue
199 818 305 860 capiti
332 817 469 849 crebras
496 826 617 848 usuras
645 815 810 852 adiciant,
839 817 941 856 optat
967 814 1127 852 creditor,
1155 814 1237 846 Luc.
1267 822 1281 845 1
1310 814 1370 845 181
1400 823 1506 844 usura
1532 822 1638 844 uorax

98 870 323 910 auidumque
347 869 389 900 in
413 872 583 908 tempora
593 867 716 908 fenus;
750 866 887 898 debitor
906 869 1039 903 contra,
1062 864 1162 897 Ouid.
1184 875 1266 896 rem.
1290 865 1352 896 561
1374 874 1424 905 sq.
1446 863 1505 904 qui
1521 863 1638 904 puteal

105 922 293 962 Ianumque
314 920 405 951 timet
434 919 636 959 celeresque
669 918 838 955 kalendas,
861 916 865 960 Ι
885 920 1030 958 torqueat
1052 916 1138 948 hunc
1163 916 1251 948 aeris
1276 919 1394 947 mutua
1415 925 1548 946 summa
1570 914 1637 952 sui,

100 973 229 1004 Auson.
251 973 315 1005 362
335 973 356 1003 9
375 971 484 1013 (Peip.
506 981 539 1013 p.
562 971 619 1011 87)
638 970 748 1002 uelox
765 970 882 1010 inopes
901 978 1006 1000 usura
1024 968 1168 1000 trucidat
1258 967 1320 999 174
1339 966 1491 999 dulcibus
1510 966 1637 1004 usuris,

100 1024 177 1065 le.
198 1023 266 1065 dig.
285 1032 363 1055 XLII
381 1024 401 1055 8
422 1024 462 1055 10
483 1024 524 1055 10
543 1032 662 1054 nomen
681 1022 753 1053 eius
771 1021 825 1053 uel
842 1020 1049 1052 dulcitudine
1066 1029 1248 1051 usurarum
1266 1019 1319 1050 uel
1336 1028 1404 1059 qua
1420 1018 1492 1050 alia
1510 1019 1638 1049 ratione

100 1074 202 1106 secuti
290 1074 398 1106 ioue*
421 1075 594 1115 (=1QVE)‚
613 1082 680 1111 que
701 1075 770 1110 LM,
789 1081 925 1110 quoque
947 1075 973 1103 G
993 1073 1136 1112 propter
1152 1072 1314 1107 metrum,
1336 1073 1373 1101 et
1389 1068 1454 1100 hoc
1475 1071 1512 1100 et
1533 1078 1637 1109 aequo

99 1135 166 1157 om.
187 1125 261 1157 cod.
276 1125 440 1157 Venetus.
489 1124 588 1165 Verg.
604 1134 715 1165 georg.
731 1132 775 1154 111
788 1124 830 1155 35
844 1122 919 1154 ioue
931 1122 1012 1159 MR,
1027 1122 1102 1162 ique
1115 1121 1163 1159 P;
1191 1120 1291 1153 Ouid.
1307 1123 1389 1152 met.
1405 1129 1419 1152 1
1433 1121 1497 1152 205
1510 1121 1545 1151 in
1559 1119 1635 1151 cod.

102 1176 263 1218 Amplon.
284 1176 357 1208 ioui
376 1178 457 1207 ante
475 1175 545 1216 qui,
564 1174 654 1207 Stat.
674 1174 780 1206 Theb.
800 1183 840 1206 XI
863 1174 928 1205 462
946 1174 982 1205 in
1000 1173 1146 1204 Putean.
1167 1172 1277 1204 iouem
1294 1175 1375 1213 post
1391 1182 1453 1212 que
1471 1172 1638 1202 omissum

101 1230 177 1265 est;
209 1228 247 1258 in
265 1227 374 1259 Naeu.
397 1226 473 1258 bell.
496 1226 582 1257 Pun.
604 1234 632 1257 11
651 1235 705 1267 ap.
727 1225 831 1257 Maer.
853 1224 925 1257 Sat.
946 1233 985 1256 VI
1004 1226 1024 1256 5
1044 1225 1064 1255 8
1082 1234 1145 1265 pro
1163 1233 1225 1264 que
1248 1222 1389 1264 Delphis
1408 1222 1638 1254 Buechelerus

101 1289 218 1320 opusc.
246 1287 260 1310 1
285 1289 318 1320 p.
347 1279 412 1310 324
436 1278 593 1309 restituit
618 1280 752 1308 sanctus
780 1276 873 1308 Ioue
894 1279 1079 1316 proqnatus
1103 1274 1248 1315 Pythius
1273 1274 1404 1314 Apollo.
1451 1273 1546 1305 nullo
1567 1274 1640 1304 iure

101 1330 251 1371 Scaliger
275 1339 377 1370 aequo
400 1329 578 1360 enarrauit
599 1338 662 1369 pro
685 1331 760 1359 rata
781 1327 956 1368 portione3
993 1326 1085 1357 idem
1110 1325 1163 1357 ed.
1193 1327 1208 1357 1
1235 1326 1336 1367 louge
1360 1325 1461 1356 aliter
1484 1324 1544 1356 sed
1568 1334 1640 1356 non

101 1382 234 1412 minore
249 1380 390 1412 licentia
405 1380 506 1411 altero
520 1382 610 1410 lanto
625 1378 785 1419 amplius,
805 1378 898 1410 ‘cent
913 1388 974 1419 per
988 1377 1095 1414 cent',
1112 1376 1207 1418 quod
1222 1377 1436 1418 repetierunt
1451 1375 1639 1408 Safflasius

104 1432 146 1464 de
161 1431 253 1463 mod.
269 1441 360 1463 usur.
375 1441 407 1473 p.
421 1432 463 1463 93
478 1433 515 1462 et
529 1430 716 1462 Bentleius.
765 1429 826 1461 sed
836 1432 911 1461 esto
922 1429 1115 1461 utrumuis:
1142 1428 1227 1469 quid
1242 1431 1304 1459 aut
1318 1427 1383 1459 hoc
1394 1430 1457 1459 aut
1466 1427 1525 1458 illo
1536 1430 1641 1468 pacto

100 1483 167 1515 sibi
180 1483 268 1515 uelle
279 1482 432 1514 dicemus
444 1491 556 1522 aequo,
568 1491 639 1513 non
647 1481 828 1521 pecuniam
839 1480 996 1512 utendam
1006 1480 1073 1517 dal,
1085 1479 1145 1510 sed
1159 1482 1306 1519 tempora
1315 1478 1430 1510 uendit
1444 1481 1457 1510 ’Ξ
1547 1477 1641 1509 fene-

103 1538 199 1566 rator
217 1537 365 1574 tempora
383 1534 459 1575 ipsa
478 1532 618 1564 uendere
643 1532 781 1570 dieitur,
802 1541 891 1572 quae
911 1532 941 1562 ei
965 1531 1060 1562 lucro
1085 1533 1178 1567 sunt,
1199 1533 1240 1561 ut
1265 1529 1361 1561 anth.
1383 1529 1456 1561 Pal.
1475 1538 1516 1560 XI
1535 1529 1600 1560 289
1620 1529 1641 1559 2

100 1588 180 1626 ἀνὴρ
204 1587 376 1623 δανειστὴσ
399 1587 460 1616 τῶν
485 1585 606 1624 χρόνων
629 1586 763 1623 ’γλύφων
786 1585 912 1620 τόκουσ,
937 1581 1013 1614 Sen.
1039 1581 1082 1612 de
1106 1581 1183 1613 ben.
1208 1589 1262 1612 VII
1287 1582 1327 1612 lO
1348 1582 1369 1611 4
1388 1580 1641 1620 conputatione&

101 1640 130 1669 el
156 1636 274 1668 uenale
299 1639 429 1676 tempus
456 1638 484 1666 et
510 1634 788 1675 sanquinulentae
814 1633 1019 1670 centesimae,
1050 1634 1091 1664 14
1117 1634 1137 1664 5
1164 1635 1228 1663 stat
1253 1631 1388 1663 acerbus
1415 1642 1515 1672 super
1540 1634 1641 1672 caput

102 1688 249 1725 creditor,
272 1687 332 1728 qui
354 1686 487 1718 nullum
509 1686 597 1718 diem
620 1685 724 1725 qralis
746 1685 888 1716 occidere
908 1684 1084 1725 patiacum
1121 1683 1247 1724 quibus
1270 1682 1538 1724 procedentibus
1561 1693 1640 1714 cum

101 1741 174 1781 ipse
190 1739 277 1770 nihil
291 1738 418 1770 laboris
435 1737 612 1779 suscipiat,
630 1747 671 1768 ea
686 1736 781 1768 haud
797 1735 946 1767 absurde
962 1736 1090 1775 iqnaua
1105 1735 1337 1776 appellantur,
1354 1737 1395 1766 ut
1412 1733 1512 1766 Ouid.
1532 1743 1638 1765 amor.

102 1799 116 1822 1
137 1792 177 1822 15
199 1792 213 1822 l
234 1790 316 1831 quid
334 1789 430 1827 mihi,
451 1789 539 1820 liuor
558 1788 650 1826 edax,
671 1788 812 1828 iynauos
830 1787 934 1818 obicis
951 1797 1059 1818 annos
1073 1788 1099 1824 ?,
1118 1797 1162 1818 ex
1181 1786 1282 1818 Pont.
1304 1794 1317 1816 1
1335 1787 1356 1817 5
1375 1786 1418 1816 44
1437 1795 1524 1816 mors
1544 1785 1639 1816 nobis

101 1846 231 1883 tempus
250 1841 385 1873 habetur
403 1841 504 1878 iners,
523 1840 622 1881 Verg.
643 1850 755 1882 georg.
776 1848 790 1870 1
808 1840 872 1871 299
891 1838 1021 1879 hiemps
1038 1839 1166 1878 iynaua
1182 1837 1306 1875 colono,
1325 1837 1402 1868 qu.
1421 1845 1486 1868 XIV
1507 1837 1569 1868 105
1588 1846 1638 1877 sq.

102 1894 158 1925 cui
183 1893 326 1934 septima
349 1902 495 1933 quaeque
514 1891 586 1932 fuit
611 1891 669 1922 lux
690 1889 695 1933 Ι
715 1891 864 1931 i9naua:
904 1890 1108 1922 Franciscus
1134 1890 1295 1921 Baeonus
1321 1888 1366 1921 Of
1391 1889 1506 1929 Vsury
1533 1887 1541 1900 ‘
1557 1887 1642 1929 they

102 1955 165 1986 say
179 1968 186 1976 .
204 1968 211 1976 .
229 1968 236 1975 .
252 1943 333 1975 that
357 1943 417 1975 the
443 1953 563 1974 usurer
587 1943 616 1974 is
641 1942 700 1974 the
726 1942 833 1973 drone
859 1941 939 1973 that
964 1940 1071 1983 Virgil
1096 1940 1265 1982 speaketh
1288 1940 1334 1978 of,
1359 1940 1523 1980 iynauum
1542 1938 1642 1980 fucos

102 1995 230 2036 pecus’,
248 1995 292 2027 Of
306 1995 432 2026 Riches
452 1994 574 2036 ‘usury
589 2018 597 2025 .
617 2017 624 2025 .
644 2017 651 2025 .
670 1993 832 2034 whereby
846 2003 867 2024 a
881 2003 964 2024 man
978 1992 1065 2024 doth
1079 1995 1138 2024 eat
1152 1992 1205 2024 his
1220 1991 1327 2023 bread
1341 1991 1379 2023 in
1394 1991 1511 2023 sudore
1525 1990 1641 2022 uultus

105 2046 220 2084 alieni,
238 2046 308 2077 and
325 2045 458 2077 besides
475 2045 563 2076 doth
578 2045 707 2086 plough
724 2054 819 2086 upon
836 2043 996 2085 Sundays
1007 2044 1028 2075 ’.
1077 2044 1137 2084 qui
1151 2046 1269 2075 autem
1283 2042 1379 2074 domi
1392 2041 1550 2073 desidens
1566 2041 1641 2083 ipso

105 2098 271 2139 temporis
288 2107 390 2128 eursu
406 2096 652 2138 locupletatur,
670 2106 713 2127 ne
730 2096 759 2127 is
776 2095 829 2127 dis
846 2105 945 2127 carus
962 2095 1046 2137 ipsis
1063 2098 1117 2126 est
1133 2097 1170 2126 et
1186 2094 1271 2126 Ioue
1288 2093 1439 2135 propitio
1457 2095 1642 2134 quaestum

101 2152 251 2186 exercet,
283 2149 411 2190 quippe
442 2149 498 2180 cui
528 2150 650 2179 εὕδοντι
680 2150 795 2188 κύρτοο·
825 2149 916 2188 αἱρεῖ,
948 2145 1043 2187 quod
1079 2148 1131 2177 ἐπὶ
1164 2148 1227 2177 τῶν
1255 2144 1470 2185 εὐτύχούντων
1503 2143 1640 2176 dicitur.

108 2201 221 2232 Plaut.
247 2200 343 2232 Cure.
368 2200 430 2231 531
454 2199 532 2239 quoi
554 2198 683 2230 homini
705 2198 741 2229 di
763 2201 841 2229 sunt
859 2197 1015 2238 propitii,
1039 2196 1168 2228 lucrum
1190 2196 1221 2228 ei
1240 2195 1384 2237 profecto
1405 2195 1553 2226 obiciunt

149 2261 251 2293 aequo
269 2251 352 2282 Ioue
368 2253 409 2282 ut
426 2250 509 2282 Hor.
529 2260 633 2281 carm.
653 2258 665 2280 1
683 2250 725 2281 28
743 2250 828 2281 27-9
845 2248 1013 2289 multaque
1029 2258 1160 2286 merces,
1183 2245 1187 2290 Ι
1206 2247 1295 2279 unde
1308 2250 1424 2288 potest,
1441 2246 1502 2278 tibi
1518 2246 1642 2288 defluat

102 2313 206 2344 aequo
227 2301 232 2346 Ι
251 2302 292 2334 ab
313 2302 407 2340 Ioue,
426 2302 527 2343 epist.
549 2310 577 2332 11
598 2302 613 2332 1
636 2302 677 2332 68
699 2300 782 2332 Ioue
799 2300 928 2332 iudicat
946 2309 1059 2340 aeque,
1079 2299 1136 2331 Sil.
1157 2308 1186 2330 11
1204 2299 1268 2331 363
1287 2308 1337 2339 sq.
1356 2298 1474 2339 procul
1491 2307 1514 2329 α
1534 2298 1642 2338 Tyria

103 2355 255 2387 dominos
275 2353 432 2394 depellere
456 2353 566 2394 Byrsa
587 2351 591 2395 Ι
611 2353 665 2384 uel
688 2352 770 2383 Ioue
791 2362 860 2383 non
880 2361 982 2392 aequo
997 2351 1108 2392 fixum
1130 2353 1186 2388 est,
1208 2350 1308 2391 Verg.
1332 2349 1417 2381 Aen.
1441 2358 1479 2380 VI
1503 2350 1565 2381 129
1587 2359 1638 2390 sq.

102 2406 217 2446 pauci,
233 2415 315 2447 quos
331 2415 455 2446 aequus
471 2404 601 2435 amauit
622 2402 627 2447 Ι
649 2403 815 2444 Iuppiter,
834 2403 923 2435 Stat.
942 2402 1049 2434 Theb.
1068 2411 1097 2433 11
1116 2402 1175 2434 181
1195 2411 1245 2442 sq.
1264 2401 1397 2432 utinam
1414 2400 1466 2432 his
1482 2399 1640 2432 manibus

103 2457 287 2498 permittere
310 2456 426 2496 9entis,
448 2454 453 2498 Ι
475 2455 632 2496 Iuppiter
654 2465 765 2496 aeque,
790 2454 884 2486 uelis.
933 2453 1107 2495 duplicem
1131 2452 1326 2484 ablatiuum
1349 2451 1502 2484 dulcibus
1525 2452 1641 2483 usuris

103 2517 207 2549 aequo
224 2507 307 2538 Ioue
324 2506 462 2538 abunde
480 2506 686 2548 comprobat
702 2505 920 2547 quadruplex
937 2504 1032 2537 Caes.
1050 2503 1126 2536 b.G.
1144 2512 1198 2535 vn
1213 2504 1256 2535 24
1271 2504 1291 2536 3
1312 2503 1483 2543 eodemque
1497 2505 1641 2543 tempore

104 2562 168 2591 toto
202 2568 297 2590 muro
331 2557 472 2589 clamore
506 2557 633 2589 sublato
668 2557 798 2589 duabus
828 2556 936 2597 portis
953 2580 960 2587 .
979 2579 986 2587 .
1007 2580 1013 2587 .
1034 2555 1163 2596 eruptio
1191 2553 1294 2595 fiebat
1384 2553 1532 2585 176-188
1569 2553 1639 2585 Leo

104 2609 234 2642 animal
249 2609 347 2641 ferox
363 2612 400 2640 et
416 2619 525 2650 rapax
542 2611 726 2640 uenatores
746 2608 856 2640 lanios
873 2607 1057 2638 iracundos
1075 2609 1182 2643 creat,
1200 2605 1293 2637 idem
1315 2607 1356 2636 ut
1378 2607 1505 2645 στερεὸν
1527 2605 1638 2645 ζῴδιον

102 2661 268 2703 simplicis
297 2660 425 2702 ingenii
454 2660 620 2692 homines.
668 2659 832 2692 G.G.A.G.
858 2667 927 2690 vm
952 2659 975 2690 ii
1004 2668 1038 2700 p.
1069 2659 1111 2690 33
1141 2659 1230 2689 Λέων
1260 2660 1310 2688 εἰσ
1341 2658 1377 2688 τὸ
1409 2658 1555 2697 ’γενναῖον
1587 2658 1639 2688 καὶ

104 2714 299 2755 ἁρπακτικὸν
323 2712 588 2752 (συμβάλλεται),
614 2711 733 2743 Ludw.
764 2710 905 2742 Maxim.
933 2720 966 2751 p.
1000 2710 1059 2741 lll
1091 2710 1111 2741 8
1139 2718 1190 2750 sq.
1216 2710 1271 2740 τὸν
1298 2709 1421 2740 Λέοντα
1445 2708 1641 2748 (σημαίνειν)

104 2766 260 2806 θηρατάσ,
296 2763 358 2795 110
391 2764 432 2795 15
460 2765 501 2794 τὰ
536 2765 569 2794 δὲ
599 2765 711 2804 στερεὰ
743 2764 921 2803 ἐρρωμένων
952 2763 1003 2793 καὶ
1034 2762 1193 2799 ἀληθινῶν
1225 2759 1406 2800 (τρόπουσ),
1438 2759 1532 2791 Vett.
1562 2759 1638 2791 Val.

102 2827 137 2858 p.
169 2816 190 2847 9
222 2815 308 2847 14-8
347 2816 436 2846 Λέων
469 2816 556 2846 ἐστὶν
581 2837 589 2845 .
615 2837 623 2845 .
649 2837 657 2845 .
684 2815 811 2854 ὀργίλον
836 2836 844 2844 .
870 2836 878 2844 .
904 2836 912 2843 .
938 2814 966 2844 οἱ
991 2835 998 2843 .
1026 2835 1033 2843 .
1060 2835 1067 2842 .
1092 2813 1281 2852 ’γεννώμενοι
1305 2834 1313 2842 .
1339 2834 1346 2841 .
1373 2834 1381 2842 .
1407 2812 1536 2850 ἀγαθοὶ,
1561 2834 1569 2842 .
1595 2834 1603 2841 .
1631 2833 1640 2841 .

102 2869 230 2905 δίκαιοι,
261 2868 480 2906 μισοπόνηροι,
505 2889 512 2896 .
532 2889 539 2896 .
559 2889 566 2896 .
593 2866 766 2896 κολακείασ
796 2866 980 2903 μισοῦντεσ,
1013 2862 1102 2894 Ptol.
1135 2865 1215 2894 tetr.
1250 2872 1284 2903 p.
1317 2862 1359 2894 40
1389 2863 1429 2892 τὰ
1461 2863 1494 2892 δὲ
1524 2863 1638 2902 στερεὰ,
