1872 3183
573 152 1061 197 ASTRONOMICON
1092 152 1159 194 IV
1574 156 1630 194 59

260 270 369 316 octo,
390 265 454 307 bis
473 269 550 306 aut
568 265 699 315 denis,
720 264 972 306 metuendus
991 263 1145 305 dicitur
1165 277 1248 313 aer,

258 354 439 394 cumque
457 339 612 380 iterum
632 339 828 382 duodena
846 338 974 380 refert
992 343 1069 379 aut
1087 343 1209 379 terna
1228 337 1456 392 decemque

136 420 205 452 485
260 418 337 455 aut
355 418 529 468 septena
549 418 712 468 quater,
733 413 801 455 uel
819 427 917 454 cum
936 417 1001 454 ter
1020 412 1129 453 dena
1148 412 1314 467 figurat.

312 501 387 529 nec
406 501 504 542 pars
524 487 713 542 optanda
733 492 797 529 est
816 486 1058 542 Capricorni
1076 486 1258 541 septima
1276 500 1285 536 ;
1321 499 1433 527 nona

260 561 470 603 consentit
489 561 795 616 decumamque
815 575 992 616 sequens
1012 575 1141 615 quam
1160 560 1287 602 tertia
1305 560 1447 615 signat

260 640 304 677 et
321 635 457 677 tribus
477 640 554 677 aut
573 650 659 677 una
679 650 787 690 quae
806 640 863 685 te,
883 635 1096 685 uicesima,
1117 634 1289 676 fraudat

260 724 421 765 quaeue
441 714 568 765 auget
587 709 737 764 quinto
757 723 931 751 numero
950 709 1018 751 uel
1037 709 1218 764 septima
1237 708 1370 750 fertur

341 785 364 809 >k
595 785 617 810 ²1<
851 785 874 809 >k
1107 784 1130 809 ³1<
1364 783 1387 808 >k

94 893 187 923 enim
201 892 309 924 ullum
324 902 344 924 a
357 892 608 934 lexicographis
621 893 901 934 grammaticisue
914 892 1063 924 relatum
1077 891 1178 923 uideo
1192 892 1389 933 exemplum
1403 891 1635 923 disiunctiuae

96 944 288 985 particulae
310 945 346 975 in
368 944 476 976 trium
499 945 759 976 enumeratione
782 944 887 976 semel
908 945 1043 985 positae
1066 954 1106 975 eo
1129 943 1233 974 modo
1256 953 1325 984 quo
1348 953 1418 975 non
1440 952 1634 984 numquam

95 995 297 1036 eopulatiua
325 996 478 1037 ponitur,
508 995 606 1027 uelut
634 1005 663 1027 11
691 997 755 1028 523
785 996 885 1027 Aries
912 995 978 1027 Leo
1007 999 1035 1026 et
1062 995 1295 1035 Arquitenens,
1343 994 1478 1026 accedit
1506 998 1547 1027 ut
1575 1004 1637 1035 que

95 1047 351 1083 coniunctione,
378 1057 468 1088 quae
494 1057 514 1078 a
539 1047 735 1079 Matritensi
762 1047 872 1085 abest,
896 1057 966 1078 non
993 1046 1079 1078 bene
1105 1047 1305 1078 uinciantur
1328 1047 1513 1078 enuntiata
1538 1046 1637 1078 uerbi

96 1097 201 1129 modo
220 1098 418 1139 inaequalia
432 1097 512 1139 fuqe
531 1102 567 1130 et
586 1099 709 1130 dicitur
728 1109 792 1130 aer.
840 1099 877 1130 in
897 1108 974 1129 mea
993 1099 1176 1139 scriptura,
1196 1108 1263 1135 sex,
1284 1097 1376 1128 bisue
1392 1097 1537 1137 peractis
1556 1100 1636 1135 octo,

97 1149 148 1180 bis
171 1152 230 1180 aut
262 1149 368 1187 denis,
395 1152 459 1181 ἀπὸ
484 1153 587 1182 κοινοῦ
610 1151 754 1192 ponitur
778 1151 873 1191 prius
903 1149 964 1187 bis,
990 1152 1030 1181 ut
1056 1148 1269 1190 significetur
1293 1148 1343 1180 bis
1367 1159 1423 1180 sex
1449 1148 1541 1180 bisue
1567 1152 1636 1180 octo

96 1202 156 1231 aut
175 1199 226 1231 bis
246 1200 341 1232 denis
358 1201 526 1240 peractis;
560 1211 672 1242 neque
692 1204 773 1242 post
792 1201 921 1233 lectum
941 1203 1093 1232 octauam
1113 1200 1304 1241 periculum
1324 1203 1400 1231 erat
1419 1210 1462 1231 ne
1483 1201 1560 1241 quis
1580 1211 1637 1232 sex

94 1251 240 1291 peractis
255 1252 328 1283 sine
344 1251 395 1283 bis
411 1253 644 1294 coniungeret.
693 1252 802 1284 simile
819 1255 872 1284 est
889 1252 972 1283 Hor.
992 1262 1091 1283 serm.
1110 1260 1123 1282 1
1140 1252 1160 1282 2
1179 1252 1241 1283 123
1258 1261 1308 1292 sq.
1327 1254 1363 1281 ut
1378 1261 1481 1292 ‘neque
1497 1252 1636 1293 (magis)

95 1302 196 1342 lonqa
216 1300 221 1345 Ι
240 1312 298 1333 nec
325 1303 432 1343 maqis
458 1303 535 1334 alba
561 1304 653 1341 uelit,
680 1313 780 1344 quam
807 1303 863 1335 dat
894 1306 1028 1340 natura,
1055 1302 1166 1334 uideri
1253 1303 1317 1333 483
1343 1302 1477 1340 dicitur,
1504 1306 1569 1341 est,
1597 1306 1639 1335 ut

98 1354 174 1391 314,
190 1353 251 1385 ubi
263 1353 364 1395 plura
378 1355 481 1386 attuli
499 1366 506 1385 :
534 1355 581 1386 sic
595 1355 689 1386 nullo
704 1365 823 1386 sensus
837 1354 1033 1386 discrimine
1047 1355 1111 1385 495
1125 1354 1300 1386 metuenda
1313 1357 1369 1392 est,
1384 1355 1447 1386 497
1463 1355 1638 1386 metuenda

89 1404 226 1445 seretur.
274 1406 407 1437 ducitur
426 1405 604 1438 Bentleius
629 1406 755 1438 collato
775 1407 839 1438 498
859 1416 909 1447 sq.
931 1405 992 1437 hae
1008 1408 1121 1445 partes
1139 1405 1281 1437 sterilem
1300 1405 1441 1437 ducunt
1465 1408 1493 1437 et
1512 1405 1638 1446 friqore

98 1459 126 1487 et
142 1456 215 1496 iqui
237 1455 242 1499 Ι
260 1466 360 1494 aera,
376 1459 417 1488 ut
433 1456 612 1498 Sagittarii
627 1460 744 1499 partes
757 1466 812 1488 ΧΠ
826 1466 890 1488 XVI
903 1466 953 1488 XX
969 1456 1193 1488 metuendam
1210 1457 1296 1488 aeris
1311 1457 1507 1498 portionem
1523 1458 1639 1489 sortiri

97 1510 134 1538 et
154 1508 307 1548 accipere
327 1507 500 1545 dicantur,
520 1508 622 1549 quale
641 1511 694 1540 est
712 1509 819 1539 etiam
839 1507 933 1549 quod
952 1508 1017 1539 465
1037 1517 1086 1549 sq.
1108 1507 1258 1539 habetur
1276 1507 1326 1538 bis
1344 1507 1463 1548 quinta
1480 1508 1609 1540 salubri
1630 1507 1636 1551 Ι

96 1561 206 1598 terque
227 1561 314 1589 caret
335 1558 434 1590 caelo.
481 1559 628 1590 eandem
650 1559 834 1591 lectionem
858 1559 1046 1600 Pingraeus
1069 1558 1169 1590 aliter
1189 1559 1452 1600 interpretatur,
1475 1559 1528 1591 his
1551 1560 1640 1601 signi

97 1609 257 1651 partibus
282 1609 439 1641 homines
464 1610 670 1642 metuendas
696 1620 797 1642 auras
823 1610 971 1648 trahere,
997 1609 1294 1651 quemadmodum
1320 1610 1448 1642 dicitur
1472 1610 1572 1642 Lucr.
1600 1620 1639 1642 1v

97 1661 162 1693 937
185 1671 235 1702 sq.
259 1671 316 1692 aer
331 1685 339 1692 .
359 1685 366 1692 .
385 1685 393 1692 .
412 1670 488 1693 cum
509 1662 642 1693 ducitur
662 1665 758 1702 atque
779 1661 924 1703 reflatur,
948 1661 1015 1693 Cic.
1039 1661 1109 1693 n.d.
1134 1669 1162 1692 11
1186 1661 1226 1693 18
1247 1671 1321 1692 aere
1342 1671 1377 1692 eo
1398 1671 1493 1702 quem
1514 1663 1640 1702 spiritu

97 1711 253 1744 ducimus
281 1712 456 1752 (spiritum
483 1713 628 1744 dicimus
655 1713 733 1745 libri
761 1713 941 1754 plerique),
973 1714 1032 1744 101
1063 1723 1119 1743 aer
1135 1736 1142 1743 .
1162 1736 1170 1744 .
1189 1736 1196 1743 .
1216 1712 1341 1752 spiritu
1368 1713 1508 1745 ductus:
1549 1713 1639 1745 adde

98 1763 190 1795 Man.
220 1772 249 1795 11
275 1764 340 1796 356
366 1773 417 1805 sq.
446 1764 543 1796 uisus
570 1765 815 1806 (trigonorum)
833 1789 840 1795 .
859 1788 867 1796 .
886 1788 894 1795 .
913 1774 992 1795 aera
1008 1788 1015 1795 .
1035 1788 1042 1795 .
1062 1788 1069 1795 .
1089 1763 1248 1804 infectum
1273 1767 1404 1795 nostras
1429 1765 1570 1796 demittit
1596 1766 1641 1797 ad

96 1824 200 1846 auras
290 1815 354 1845 484
378 1815 517 1846 maioris
540 1815 673 1847 formae
698 1816 723 1849 C
747 1816 902 1847 litteram
930 1815 1099 1846 initialem
1124 1819 1193 1852 LM,
1219 1815 1262 1846 de
1287 1819 1312 1847 G
1339 1816 1455 1847 neseio
1544 1815 1642 1858 refert

98 1866 304 1903 Centaurus,
325 1869 366 1897 ut
385 1866 534 1898 uidetur.
583 1867 702 1899 iterum
721 1866 817 1907 refert
837 1867 881 1898 ad
901 1870 994 1898 terna
1013 1867 1193 1907 decemque,
1214 1866 1360 1898 uerbum
1380 1868 1453 1899 sine
1473 1867 1640 1900 aduerbio

100 1917 145 1949 ad
169 1920 304 1957 septena
327 1920 440 1957 quater
463 1918 606 1950 auditur
694 1918 757 1949 485
782 1922 914 1957 figurat
937 1918 986 1955 L2,
1004 1922 1160 1957 figurant
1184 1922 1279 1950 GLM.
1326 1921 1372 1949 ter
1395 1919 1481 1950 dena
1497 1918 1636 1959 figurat,

97 1978 177 2001 eam
204 1969 256 2000 sui
281 1972 418 2010 partem
443 1972 606 2001 numerat
631 1979 721 2010 quae
746 1970 880 2001 numeri
906 1969 1016 2011 figura
1042 1969 1136 2009 (uide
1162 1970 1242 2009 208)
1265 1978 1341 2000 XXX
1365 1970 1552 2011 insignitur

145 2019 297 2050 486-489
321 2019 519 2060 Capricorni
543 2023 660 2062 partes
684 2029 738 2052 v11
761 2030 800 2053 1x
822 2029 892 2052 xm
914 2029 994 2052 xvn
1016 2029 1081 2052 xix
1103 2029 1179 2052 xxv
1200 2029 1317 2058 xxvii,
1342 2020 1469 2062 quibus
1492 2021 1640 2054 fortasse

101 2073 207 2113 poeta
229 2080 335 2101 unam
360 2070 519 2112 pluresue
545 2071 719 2103 adiecerat
808 2071 872 2102 486
894 2081 986 2104 nona
1014 2071 1142 2113 Fayus,
1165 2081 1277 2103 nonae
1300 2075 1360 2108 GL,
1383 2081 1495 2104 nouae
1517 2077 1551 2105 Μ

146 2122 209 2153 487
232 2121 393 2152 decimam
415 2132 551 2162 sequeus
573 2132 673 2163 quam
694 2123 790 2154 tertia
814 2122 935 2163 siquae,
959 2122 1023 2154 hoc
1046 2126 1099 2154 est
1122 2133 1161 2154 ea
1179 2132 1272 2162 pars
1296 2132 1396 2163 quam
1418 2123 1529 2163 siqua!
1548 2133 1641 2164 pars

101 2173 198 2205 tertia
229 2172 367 2210 decima,
400 2173 527 2214 quibus
559 2174 745 2206 uerborum
778 2173 983 2215 ambagibus
1015 2175 1091 2215 ipsa
1123 2173 1337 2215 significatur
1368 2175 1474 2205 tertia
1505 2174 1641 2206 decima

103 2234 194 2267 pars,
224 2223 336 2255 multo
363 2225 531 2257 audacius
559 2225 709 2267 figurata
736 2225 893 2257 oratione
921 2235 1027 2266 quam
1055 2226 1120 2256 472
1146 2234 1229 2265 quae
1256 2228 1302 2256 ter
1327 2225 1488 2257 decimam
1514 2226 1641 2259 claudit

102 2286 184 2308 sors
209 2275 330 2306 ultima
350 2279 508 2315 partem,
534 2277 600 2308 nisi
629 2278 746 2319 potius
774 2276 991 2318 neglegentia
1019 2279 1073 2308 est
1162 2277 1225 2307 488
1250 2286 1322 2309 una
1346 2281 1391 2314 M,
1415 2287 1523 2310 unam
1547 2282 1597 2310 GL

191 2327 254 2358 489
276 2330 402 2365 quinto
422 2331 491 2365 LM,
515 2331 640 2367 quinta
662 2332 698 2365 G,
720 2327 815 2369 quod
837 2331 977 2359 mutata
997 2328 1277 2369 interpunctione
1295 2327 1445 2370 Scaliger
1465 2330 1597 2371 recepit

600 2376 620 2392 a

192 2401 344 2437 septima.
358 2400 473 2429 fertur
488 2397 572 2435 istm,
589 2408 625 2430 vr
637 2402 752 2430 fertur
763 2402 798 2435 L,
810 2402 910 2431 sexta
922 2402 1056 2430 feretur
1069 2401 1105 2434 G,
1118 2401 1220 2430 sexta
1229 2401 1383 2430 refertur
1399 2398 1474 2430 cod.
1487 2398 1642 2430 Venetus

191 2452 282 2484 inter
295 2453 360 2483 489
374 2455 410 2484 et
423 2452 489 2483 490
504 2450 635 2482 ‘deesse
653 2460 791 2481 uersum
809 2459 936 2481 nomen
953 2449 1097 2490 Aquarii
1117 2449 1315 2480 notantem’
1340 2450 1477 2481 monuit
1492 2449 1643 2492 Scaliger

103 2506 326 2544 senseratque
347 2503 669 2544 Regiomontanus;
707 2501 714 2513 ‘
729 2511 837 2532 unum
860 2504 922 2532 aut
943 2501 1091 2532 alterum
1106 2500 1113 2513 ’
1138 2500 1254 2542 Fayus
1275 2500 1507 2538 desiderabat,
1529 2511 1642 2542 neque

104 2555 195 2585 enim
212 2555 247 2586 in
264 2554 452 2595 Sagittario
467 2555 576 2595 magis
592 2563 699 2594 quam
714 2553 750 2584 in
766 2551 919 2584 Geminis
936 2552 1066 2584 Cancro
1083 2551 1188 2583 Libra
1202 2555 1339 2593 partem
1353 2560 1458 2583 XXVII
1473 2551 1644 2584 damnan-

104 2605 228 2637 darum
261 2605 423 2637 ultimam
455 2615 528 2636 esse
561 2607 778 2645 compertum
811 2603 990 2635 habemus.
1039 2602 1216 2634 Bentleius
1249 2613 1387 2634 uersum
1421 2603 1533 2634 alieno
1566 2604 1642 2636 loco

103 2658 258 2698 positum
280 2665 308 2688 11
330 2657 394 2688 232
414 2665 557 2696 parsque
585 2655 720 2687 marina
742 2654 852 2686 niteris
874 2656 947 2694 (GL,
970 2656 1078 2685 tutans
1099 2654 1147 2693 Μ)
1164 2653 1340 2694 fundentis
1361 2664 1489 2693 semper
1509 2654 1644 2695 Aquari

104 2708 171 2739 huc
192 2707 373 2739 transtulit
392 2708 439 2739 sic
458 2707 628 2744 refietum,
646 2716 728 2746 pars
748 2709 793 2737 est
809 2705 924 2745 prima
943 2715 1062 2736 nocens
1081 2705 1226 2737 umentis
1245 2705 1324 2745 (hoc
1344 2704 1484 2746 quidem
1504 2709 1643 2747 praeter

103 2748 362 2798 necessitatem)
385 2768 513 2797 semper
535 2758 677 2798 Aquari,
702 2757 893 2797 eademque
916 2766 1022 2797 opera
1045 2758 1091 2787 est
1113 2766 1146 2787 u.
1172 2757 1238 2788 490
1260 2756 1295 2786 in
1321 2759 1349 2787 et
1372 2757 1536 2788 mutauit.
1583 2758 1643 2790 illo

105 2810 239 2842 adscito
266 2809 435 2842 uersiculo
464 2809 639 2841 Breiterus
667 2809 731 2840 490
758 2811 839 2849 post
866 2809 927 2839 491
958 2807 1154 2845 collocauit,
1182 2818 1225 2838 ne
1253 2817 1379 2839 nouem
1407 2810 1525 2849 partes
1552 2819 1642 2850 quae

103 2865 188 2894 sunt
208 2863 300 2894 inter
320 2862 468 2904 primam
490 2864 526 2892 et
547 2860 766 2892 undecimam
789 2860 876 2891 uitio
897 2862 1076 2897 carerent;
1112 2869 1182 2900 qua
1202 2859 1472 2900 transpositione
1493 2860 1581 2892 effici
1603 2865 1644 2893 ut
