<?xml version="1.0" encoding="UTF-8"?>
<!DOCTYPE html PUBLIC "-//W3C//DTD XHTML 1.0 Transitional//EN"
    "http://www.w3.org/TR/xhtml1/DTD/xhtml1-transitional.dtd">
<html xmlns="http://www.w3.org/1999/xhtml" xml:lang="en" lang="en">
 <head>
  <title>
</title>
<meta http-equiv="Content-Type" content="text/html;charset=utf-8" />
  <meta name='ocr-system' content='tesseract 3.04.00' />
  <meta name='ocr-capabilities' content='ocr_page ocr_carea ocr_par ocr_line ocrx_word'/>
</head>
<body>
  <div class='ocr_page' id='page_1' title='image "astronomiconrece04maniuoft_0063.png"; bbox 0 0 1872 3183; ppageno 0'>
   <div class='ocr_carea' id='block_1_1' title="bbox 589 164 1650 209">
    <p class='ocr_par' dir='ltr' id='par_1_1' title="bbox 589 164 1650 209">
     <span class='ocr_line' id='line_1_1' title="bbox 589 164 1650 209; baseline -0.006 0"><span class='ocrx_word' id='word_1_1' title='bbox 589 165 1074 209; x_wconf 85' lang='lat' dir='ltr'>ASTRONOMICON</span> <span class='ocrx_word' id='word_1_2' title='bbox 1105 164 1171 206; x_wconf 93' lang='lat' dir='ltr'>IV</span> <span class='ocrx_word' id='word_1_3' title='bbox 1598 165 1650 204; x_wconf 88' lang='grc'>37</span> 
     </span>
    </p>
   </div>
   <div class='ocr_carea' id='block_1_2' title="bbox 153 274 1378 848">
    <p class='ocr_par' dir='ltr' id='par_1_2' title="bbox 153 274 1378 848">
     <span class='ocr_line' id='line_1_2' title="bbox 278 274 1276 331; baseline -0.005 -11"><span class='ocrx_word' id='word_1_4' title='bbox 278 278 366 320; x_wconf 67' lang='lat' dir='ltr'>iam</span> <span class='ocrx_word' id='word_1_5' title='bbox 385 276 508 319; x_wconf 89' lang='lat' dir='ltr'>remis</span> <span class='ocrx_word' id='word_1_6' title='bbox 528 290 648 331; x_wconf 88' lang='lat' dir='ltr'>agere</span> <span class='ocrx_word' id='word_1_7' title='bbox 668 281 712 317; x_wconf 87' lang='lat' dir='ltr'>et</span> <span class='ocrx_word' id='word_1_8' title='bbox 730 275 866 317; x_wconf 89' lang='lat' dir='ltr'>lentas</span> <span class='ocrx_word' id='word_1_9' title='bbox 885 274 1096 317; x_wconf 89' lang='lat' dir='ltr'>inflectere</span> <span class='ocrx_word' id='word_1_10' title='bbox 1115 279 1276 316; x_wconf 85' lang='lat' dir='ltr'>tonsas.</span> 
     </span>
     <span class='ocr_line' id='line_1_3' title="bbox 153 348 1334 407; baseline -0.001 -17"><span class='ocrx_word' id='word_1_11' title='bbox 153 359 223 391; x_wconf 86' lang='lat'>285</span> <span class='ocrx_word' id='word_1_12' title='bbox 279 351 382 407; x_wconf 91' lang='lat' dir='ltr'>quin</span> <span class='ocrx_word' id='word_1_13' title='bbox 400 350 614 406; x_wconf 85' lang='lat' dir='ltr'>placidum</span> <span class='ocrx_word' id='word_1_14' title='bbox 634 349 772 392; x_wconf 88' lang='lat' dir='ltr'>ductis</span> <span class='ocrx_word' id='word_1_15' title='bbox 792 363 978 391; x_wconf 74' lang='lat' dir='ltr'>euertere</span> <span class='ocrx_word' id='word_1_16' title='bbox 998 348 1157 390; x_wconf 90' lang='lat' dir='ltr'>retibus</span> <span class='ocrx_word' id='word_1_17' title='bbox 1177 362 1334 403; x_wconf 88' lang='lat' dir='ltr'>aequor</span> 
     </span>
     <span class='ocr_line' id='line_1_4' title="bbox 278 423 1250 480; baseline -0.004 -13"><span class='ocrx_word' id='word_1_18' title='bbox 278 425 553 480; x_wconf 71' lang='lat' dir='ltr'><strong>litoribusque</strong></span> <span class='ocrx_word' id='word_1_19' title='bbox 573 424 657 465; x_wconf 90' lang='lat' dir='ltr'>suis</span> <span class='ocrx_word' id='word_1_20' title='bbox 677 423 856 479; x_wconf 91' lang='lat' dir='ltr'>populos</span> <span class='ocrx_word' id='word_1_21' title='bbox 876 437 1084 478; x_wconf 80' lang='lat' dir='ltr'>exponere</span> <span class='ocrx_word' id='word_1_22' title='bbox 1102 427 1250 478; x_wconf 87' lang='lat' dir='ltr'>captos</span> 
     </span>
     <span class='ocr_line' id='line_1_5' title="bbox 279 496 1282 545; baseline -0.003 -4"><span class='ocrx_word' id='word_1_23' title='bbox 279 504 355 541; x_wconf 89' lang='lat' dir='ltr'>aut</span> <span class='ocrx_word' id='word_1_24' title='bbox 374 513 503 541; x_wconf 89' lang='lat' dir='ltr'>uncos</span> <span class='ocrx_word' id='word_1_25' title='bbox 521 498 656 540; x_wconf 89' lang='lat' dir='ltr'>celare</span> <span class='ocrx_word' id='word_1_26' title='bbox 675 498 778 539; x_wconf 80' lang='lat' dir='ltr'>cibis</span> <span class='ocrx_word' id='word_1_27' title='bbox 798 502 875 539; x_wconf 89' lang='lat' dir='ltr'>aut</span> <span class='ocrx_word' id='word_1_28' title='bbox 893 511 1057 539; x_wconf 87' lang='lat' dir='ltr'>carcere</span> <span class='ocrx_word' id='word_1_29' title='bbox 1077 496 1282 545; x_wconf 81' lang='lat' dir='ltr'>fraudem,</span> 
     </span>
     <span class='ocr_line' id='line_1_6' title="bbox 278 570 1179 627; baseline -0.003 -13"><span class='ocrx_word' id='word_1_30' title='bbox 278 572 441 615; x_wconf 87' lang='lat' dir='ltr'>naualis</span> <span class='ocrx_word' id='word_1_31' title='bbox 460 572 590 614; x_wconf 87' lang='lat' dir='ltr'>etiam</span> <span class='ocrx_word' id='word_1_32' title='bbox 608 586 786 627; x_wconf 88' lang='lat' dir='ltr'>pugnas,</span> <span class='ocrx_word' id='word_1_33' title='bbox 806 571 1035 626; x_wconf 70' lang='lat' dir='ltr'>pendentia</span> <span class='ocrx_word' id='word_1_34' title='bbox 1056 570 1179 620; x_wconf 83' lang='lat' dir='ltr'>bella,</span> 
     </span>
     <span class='ocr_line' id='line_1_7' title="bbox 279 644 1370 701; baseline -0.004 -12"><span class='ocrx_word' id='word_1_35' title='bbox 279 647 522 689; x_wconf 88' lang='lat' dir='ltr'>attribuunt</span> <span class='ocrx_word' id='word_1_36' title='bbox 540 646 760 701; x_wconf 84' lang='lat' dir='ltr'>pelagique</span> <span class='ocrx_word' id='word_1_37' title='bbox 779 645 956 687; x_wconf 83' lang='lat' dir='ltr'>infectos</span> <span class='ocrx_word' id='word_1_38' title='bbox 976 645 1177 700; x_wconf 86' lang='lat' dir='ltr'>sanguine</span> <span class='ocrx_word' id='word_1_39' title='bbox 1185 644 1218 699; x_wconf 88' lang='lat' dir='ltr'><em>f</em></span> <span class='ocrx_word' id='word_1_40' title='bbox 1219 644 1370 686; x_wconf 90' lang='lat' dir='ltr'>luctus.</span> 
     </span>
     <span class='ocr_line' id='line_1_8' title="bbox 154 717 1309 776; baseline -0.001 -16"><span class='ocrx_word' id='word_1_41' title='bbox 154 729 222 761; x_wconf 82' lang='lat'>290</span> <span class='ocrx_word' id='word_1_42' title='bbox 278 720 506 763; x_wconf 81' lang='lat' dir='ltr'>fecundum</span> <span class='ocrx_word' id='word_1_43' title='bbox 525 734 655 776; x_wconf 90' lang='lat' dir='ltr'>genus</span> <span class='ocrx_word' id='word_1_44' title='bbox 675 724 739 761; x_wconf 90' lang='lat' dir='ltr'>est</span> <span class='ocrx_word' id='word_1_45' title='bbox 759 719 871 761; x_wconf 89' lang='lat' dir='ltr'>natis</span> <span class='ocrx_word' id='word_1_46' title='bbox 891 724 934 760; x_wconf 88' lang='lat' dir='ltr'>et</span> <span class='ocrx_word' id='word_1_47' title='bbox 954 719 1090 760; x_wconf 88' lang='lat' dir='ltr'>amica</span> <span class='ocrx_word' id='word_1_48' title='bbox 1109 717 1309 761; x_wconf 85' lang='lat' dir='ltr'>uoluntas</span> 
     </span>
     <span class='ocr_line' id='line_1_9' title="bbox 279 794 1378 848; baseline -0.004 -11"><span class='ocrx_word' id='word_1_49' title='bbox 279 800 322 837; x_wconf 92' lang='lat' dir='ltr'>et</span> <span class='ocrx_word' id='word_1_50' title='bbox 341 794 491 837; x_wconf 82' lang='lat' dir='ltr'>celeres</span> <span class='ocrx_word' id='word_1_51' title='bbox 511 799 653 836; x_wconf 90' lang='lat' dir='ltr'>motus</span> <span class='ocrx_word' id='word_1_52' title='bbox 673 798 925 848; x_wconf 87' lang='lat' dir='ltr'>mutataque</span> <span class='ocrx_word' id='word_1_53' title='bbox 944 798 1098 835; x_wconf 90' lang='lat' dir='ltr'>cuncta</span> <span class='ocrx_word' id='word_1_54' title='bbox 1118 807 1192 848; x_wconf 88' lang='lat' dir='ltr'>per</span> <span class='ocrx_word' id='word_1_55' title='bbox 1211 806 1378 834; x_wconf 87' lang='lat' dir='ltr'>aeuum.</span> 
     </span>
    </p>
   </div>
   <div class='ocr_carea' id='block_1_3' title="bbox 111 926 1663 2916">
    <p class='ocr_par' dir='ltr' id='par_1_3' title="bbox 111 926 1663 2916">
     <span class='ocr_line' id='line_1_10' title="bbox 112 926 1654 971; baseline -0.003 -9"><span class='ocrx_word' id='word_1_56' title='bbox 112 929 242 962; x_wconf 84' lang='lat' dir='ltr'>fluctus</span> <span class='ocrx_word' id='word_1_57' title='bbox 269 931 329 971; x_wconf 91' lang='lat' dir='ltr'>qui</span> <span class='ocrx_word' id='word_1_58' title='bbox 354 930 441 961; x_wconf 84' lang='lat' dir='ltr'>facit</span> <span class='ocrx_word' id='word_1_59' title='bbox 468 934 508 962; x_wconf 90' lang='lat' dir='ltr'>ut</span> <span class='ocrx_word' id='word_1_60' title='bbox 534 929 761 961; x_wconf 82' lang='lat' dir='ltr'>effundantur</span> <span class='ocrx_word' id='word_1_61' title='bbox 787 932 823 961; x_wconf 85' lang='lat' dir='ltr'>et</span> <span class='ocrx_word' id='word_1_62' title='bbox 849 930 921 961; x_wconf 88' lang='lat' dir='ltr'>sine</span> <span class='ocrx_word' id='word_1_63' title='bbox 949 928 1137 960; x_wconf 82' lang='lat' dir='ltr'>offensione</span> <span class='ocrx_word' id='word_1_64' title='bbox 1165 928 1232 959; x_wconf 89' lang='lat' dir='ltr'>alio</span> <span class='ocrx_word' id='word_1_65' title='bbox 1259 927 1486 965; x_wconf 87' lang='lat' dir='ltr'>declinentur,</span> <span class='ocrx_word' id='word_1_66' title='bbox 1515 926 1557 958; x_wconf 85' lang='lat' dir='ltr'>de</span> <span class='ocrx_word' id='word_1_67' title='bbox 1585 937 1654 967; x_wconf 92' lang='lat' dir='ltr'>quo</span> 
     </span>
     <span class='ocr_line' id='line_1_11' title="bbox 114 979 1654 1022; baseline -0.003 -9"><span class='ocrx_word' id='word_1_68' title='bbox 114 981 213 1013; x_wconf 89' lang='lat' dir='ltr'>uerbi</span> <span class='ocrx_word' id='word_1_69' title='bbox 231 992 296 1013; x_wconf 89' lang='lat' dir='ltr'>usu</span> <span class='ocrx_word' id='word_1_70' title='bbox 315 981 388 1013; x_wconf 86' lang='lat' dir='ltr'>dixi</span> <span class='ocrx_word' id='word_1_71' title='bbox 406 981 450 1013; x_wconf 87' lang='lat' dir='ltr'>ad</span> <span class='ocrx_word' id='word_1_72' title='bbox 470 991 482 1012; x_wconf 92' lang='lat'>1</span> <span class='ocrx_word' id='word_1_73' title='bbox 502 983 577 1019; x_wconf 89' lang='lat'>335,</span> <span class='ocrx_word' id='word_1_74' title='bbox 597 981 657 1013; x_wconf 91' lang='lat' dir='ltr'>ubi</span> <span class='ocrx_word' id='word_1_75' title='bbox 675 981 767 1012; x_wconf 90' lang='lat' dir='ltr'>hunc</span> <span class='ocrx_word' id='word_1_76' title='bbox 785 981 900 1012; x_wconf 89' lang='lat' dir='ltr'>locum</span> <span class='ocrx_word' id='word_1_77' title='bbox 918 980 1090 1022; x_wconf 77' lang='lat' dir='ltr'>explicaui</span> <span class='ocrx_word' id='word_1_78' title='bbox 1108 980 1235 1011; x_wconf 88' lang='lat' dir='ltr'>collato</span> <span class='ocrx_word' id='word_1_79' title='bbox 1254 979 1373 1011; x_wconf 81' lang='lat' dir='ltr'>Claud.</span> <span class='ocrx_word' id='word_1_80' title='bbox 1395 979 1470 1010; x_wconf 83' lang='lat' dir='ltr'>Stil.</span> <span class='ocrx_word' id='word_1_81' title='bbox 1492 987 1504 1010; x_wconf 86' lang='grc' dir='ltr'>Ι</span> <span class='ocrx_word' id='word_1_82' title='bbox 1523 979 1654 1010; x_wconf 82' lang='grc'><strong>236-90</strong></span> 
     </span>
     <span class='ocr_line' id='line_1_12' title="bbox 115 1029 1654 1073; baseline -0.003 -8"><span class='ocrx_word' id='word_1_83' title='bbox 115 1032 237 1065; x_wconf 76' lang='lat' dir='ltr'>arbiter</span> <span class='ocrx_word' id='word_1_84' title='bbox 269 1034 366 1065; x_wconf 84' lang='lat' dir='ltr'>alni.</span> <span class='ocrx_word' id='word_1_85' title='bbox 386 1033 557 1073; x_wconf 73' lang='lat' dir='ltr'>..exiquo</span> <span class='ocrx_word' id='word_1_86' title='bbox 590 1033 695 1064; x_wconf 81' lang='lat' dir='ltr'>claui</span> <span class='ocrx_word' id='word_1_87' title='bbox 738 1032 847 1073; x_wconf 78' lang='lat' dir='ltr'>flexu</span> <span class='ocrx_word' id='word_1_88' title='bbox 889 1031 1056 1063; x_wconf 76' lang='lat' dir='ltr'>declinat</span> <span class='ocrx_word' id='word_1_89' title='bbox 1093 1040 1279 1072; x_wconf 78' lang='lat' dir='ltr'>aquarum</span> <span class='ocrx_word' id='word_1_90' title='bbox 1311 1029 1315 1073; x_wconf 89' lang='grc' dir='ltr'>Ι</span> <span class='ocrx_word' id='word_1_91' title='bbox 1353 1030 1519 1068; x_wconf 82' lang='lat' dir='ltr'>uerbera,</span> <span class='ocrx_word' id='word_1_92' title='bbox 1564 1039 1654 1060; x_wconf 78' lang='lat' dir='ltr'>nunc</span> 
     </span>
     <span class='ocr_line' id='line_1_13' title="bbox 114 1081 1658 1127; baseline -0.003 -11"><span class='ocrx_word' id='word_1_93' title='bbox 114 1087 201 1116; x_wconf 83' lang='lat' dir='ltr'>recta</span> <span class='ocrx_word' id='word_1_94' title='bbox 217 1094 307 1115; x_wconf 83' lang='lat' dir='ltr'>nunc</span> <span class='ocrx_word' id='word_1_95' title='bbox 324 1084 512 1125; x_wconf 78' lang='lat' dir='ltr'>obliquante</span> <span class='ocrx_word' id='word_1_96' title='bbox 528 1084 646 1115; x_wconf 85' lang='lat' dir='ltr'>carina</span> <span class='ocrx_word' id='word_1_97' title='bbox 667 1083 672 1127; x_wconf 85' lang='grc' dir='ltr'>Ι</span> <span class='ocrx_word' id='word_1_98' title='bbox 691 1084 857 1115; x_wconf 76' lang='lat' dir='ltr'>callidus:</span> <span class='ocrx_word' id='word_1_99' title='bbox 889 1082 978 1114; x_wconf 88' lang='lat' dir='ltr'>adde</span> <span class='ocrx_word' id='word_1_100' title='bbox 995 1082 1072 1115; x_wconf 84' lang='lat' dir='ltr'>Seu.</span> <span class='ocrx_word' id='word_1_101' title='bbox 1092 1082 1221 1114; x_wconf 88' lang='lat' dir='ltr'>Phaed.</span> <span class='ocrx_word' id='word_1_102' title='bbox 1243 1083 1373 1114; x_wconf 66' lang='lat' dir='ltr'>low-4</span> <span class='ocrx_word' id='word_1_103' title='bbox 1389 1081 1519 1114; x_wconf 81' lang='lat' dir='ltr'>turbido</span> <span class='ocrx_word' id='word_1_104' title='bbox 1540 1084 1658 1113; x_wconf 86' lang='lat' dir='ltr'>rector</span> 
     </span>
     <span class='ocr_line' id='line_1_14' title="bbox 116 1131 1655 1178; baseline -0.003 -11"><span class='ocrx_word' id='word_1_105' title='bbox 116 1135 205 1167; x_wconf 86' lang='lat' dir='ltr'>mari</span> <span class='ocrx_word' id='word_1_106' title='bbox 226 1134 230 1178; x_wconf 76' lang='grc' dir='ltr'>Ι</span> <span class='ocrx_word' id='word_1_107' title='bbox 251 1139 366 1167; x_wconf 77' lang='lat' dir='ltr'>ratem</span> <span class='ocrx_word' id='word_1_108' title='bbox 382 1138 552 1173; x_wconf 86' lang='lat' dir='ltr'>retentat,</span> <span class='ocrx_word' id='word_1_109' title='bbox 580 1144 621 1166; x_wconf 89' lang='lat' dir='ltr'>ne</span> <span class='ocrx_word' id='word_1_110' title='bbox 647 1135 698 1166; x_wconf 80' lang='lat' dir='ltr'>det</span> <span class='ocrx_word' id='word_1_111' title='bbox 724 1134 895 1175; x_wconf 70' lang='lat' dir='ltr'>obliquum</span> <span class='ocrx_word' id='word_1_112' title='bbox 928 1134 1006 1175; x_wconf 90' lang='lat' dir='ltr'>(hoc</span> <span class='ocrx_word' id='word_1_113' title='bbox 1034 1137 1087 1165; x_wconf 90' lang='lat' dir='ltr'>est</span> <span class='ocrx_word' id='word_1_114' title='bbox 1114 1134 1356 1172; x_wconf 78' lang='lat' dir='ltr'>transuersum)</span> <span class='ocrx_word' id='word_1_115' title='bbox 1384 1133 1484 1169; x_wconf 73' lang='lat' dir='ltr'>latus,</span> <span class='ocrx_word' id='word_1_116' title='bbox 1507 1131 1511 1174; x_wconf 79' lang='grc' dir='ltr'>Ι</span> <span class='ocrx_word' id='word_1_117' title='bbox 1532 1135 1560 1163; x_wconf 79' lang='lat' dir='ltr'>et</span> <span class='ocrx_word' id='word_1_118' title='bbox 1587 1136 1655 1163; x_wconf 84' lang='lat' dir='ltr'>arte</span> 
     </span>
     <span class='ocr_line' id='line_1_15' title="bbox 111 1184 1655 1228; baseline -0.002 -10"><span class='ocrx_word' id='word_1_119' title='bbox 111 1185 276 1228; x_wconf 83' lang='lat' dir='ltr'>fluctum</span> <span class='ocrx_word' id='word_1_120' title='bbox 300 1186 411 1227; x_wconf 82' lang='lat' dir='ltr'>fallit</span> <span class='ocrx_word' id='word_1_121' title='bbox 500 1191 616 1219; x_wconf 84' lang='lat' dir='ltr'>rector</span> <span class='ocrx_word' id='word_1_122' title='bbox 639 1185 799 1227; x_wconf 82' lang='lat' dir='ltr'>Scaliger,</span> <span class='ocrx_word' id='word_1_123' title='bbox 829 1189 943 1217; x_wconf 84' lang='lat' dir='ltr'>rectos</span> <span class='ocrx_word' id='word_1_124' title='bbox 966 1185 1045 1216; x_wconf 86' lang='lat' dir='ltr'>libri</span> <span class='ocrx_word' id='word_1_125' title='bbox 1074 1185 1169 1216; x_wconf 88' lang='lat' dir='ltr'>haud</span> <span class='ocrx_word' id='word_1_126' title='bbox 1203 1184 1363 1222; x_wconf 83' lang='lat' dir='ltr'>absurde,</span> <span class='ocrx_word' id='word_1_127' title='bbox 1392 1185 1472 1216; x_wconf 90' lang='lat' dir='ltr'>uide</span> <span class='ocrx_word' id='word_1_128' title='bbox 1500 1184 1587 1225; x_wconf 88' lang='lat' dir='ltr'>Aug.</span> <span class='ocrx_word' id='word_1_129' title='bbox 1618 1185 1655 1215; x_wconf 91' lang='lat' dir='ltr'>in</span> 
     </span>
     <span class='ocr_line' id='line_1_16' title="bbox 114 1236 1659 1280; baseline -0.003 -10"><span class='ocrx_word' id='word_1_130' title='bbox 114 1239 239 1280; x_wconf 86' lang='lat' dir='ltr'>psalm.</span> <span class='ocrx_word' id='word_1_131' title='bbox 262 1240 301 1271; x_wconf 87' lang='lat'>31</span> <span class='ocrx_word' id='word_1_132' title='bbox 325 1240 344 1269; x_wconf 86' lang='lat'>2</span> <span class='ocrx_word' id='word_1_133' title='bbox 369 1240 389 1269; x_wconf 76' lang='lat'>4</span> <span class='ocrx_word' id='word_1_134' title='bbox 409 1238 466 1270; x_wconf 74' lang='lat' dir='ltr'>dat</span> <span class='ocrx_word' id='word_1_135' title='bbox 483 1249 621 1279; x_wconf 81' lang='lat' dir='ltr'>proram</span> <span class='ocrx_word' id='word_1_136' title='bbox 638 1237 810 1279; x_wconf 79' lang='lat' dir='ltr'>fluctibus,</span> <span class='ocrx_word' id='word_1_137' title='bbox 831 1240 925 1269; x_wconf 87' lang='lat' dir='ltr'>cauet</span> <span class='ocrx_word' id='word_1_138' title='bbox 945 1247 986 1268; x_wconf 88' lang='lat' dir='ltr'>ne</span> <span class='ocrx_word' id='word_1_139' title='bbox 1006 1236 1102 1268; x_wconf 78' lang='lat' dir='ltr'>lateri</span> <span class='ocrx_word' id='word_1_140' title='bbox 1123 1236 1345 1277; x_wconf 73' lang='lat' dir='ltr'>infliyantur3</span> <span class='ocrx_word' id='word_1_141' title='bbox 1384 1236 1444 1267; x_wconf 89' lang='lat' dir='ltr'>sed</span> <span class='ocrx_word' id='word_1_142' title='bbox 1469 1236 1659 1276; x_wconf 74' lang='lat' dir='ltr'>requiritur</span> 
     </span>
     <span class='ocr_line' id='line_1_17' title="bbox 115 1287 1659 1330; baseline -0.003 -8"><span class='ocrx_word' id='word_1_143' title='bbox 115 1289 314 1322; x_wconf 85' lang='lat' dir='ltr'>subiectum</span> <span class='ocrx_word' id='word_1_144' title='bbox 338 1290 545 1327; x_wconf 87' lang='lat' dir='ltr'>sententiae,</span> <span class='ocrx_word' id='word_1_145' title='bbox 570 1299 683 1330; x_wconf 89' lang='lat' dir='ltr'>neque</span> <span class='ocrx_word' id='word_1_146' title='bbox 709 1290 802 1320; x_wconf 90' lang='lat' dir='ltr'>enim</span> <span class='ocrx_word' id='word_1_147' title='bbox 823 1289 962 1330; x_wconf 84' lang='lat' dir='ltr'>qualem</span> <span class='ocrx_word' id='word_1_148' title='bbox 980 1288 1095 1319; x_wconf 78' lang='lat' dir='ltr'>Pisces</span> <span class='ocrx_word' id='word_1_149' title='bbox 1115 1288 1313 1329; x_wconf 87' lang='lat' dir='ltr'>producant</span> <span class='ocrx_word' id='word_1_150' title='bbox 1332 1289 1387 1328; x_wconf 85' lang='lat' dir='ltr'>(ut</span> <span class='ocrx_word' id='word_1_151' title='bbox 1406 1297 1486 1318; x_wconf 90' lang='lat' dir='ltr'>eum</span> <span class='ocrx_word' id='word_1_152' title='bbox 1504 1287 1659 1328; x_wconf 81' lang='lat' dir='ltr'>intellegi</span> 
     </span>
     <span class='ocr_line' id='line_1_18' title="bbox 113 1338 1657 1382; baseline -0.003 -9"><span class='ocrx_word' id='word_1_153' title='bbox 113 1341 233 1381; x_wconf 86' lang='lat' dir='ltr'>liceat)</span> <span class='ocrx_word' id='word_1_154' title='bbox 257 1340 317 1373; x_wconf 88' lang='lat' dir='ltr'>sed</span> <span class='ocrx_word' id='word_1_155' title='bbox 340 1344 475 1382; x_wconf 87' lang='lat' dir='ltr'>quanta</span> <span class='ocrx_word' id='word_1_156' title='bbox 495 1351 548 1372; x_wconf 81' lang='lat' dir='ltr'>res</span> <span class='ocrx_word' id='word_1_157' title='bbox 572 1341 752 1382; x_wconf 83' lang='lat' dir='ltr'>nauigatio</span> <span class='ocrx_word' id='word_1_158' title='bbox 778 1341 824 1371; x_wconf 88' lang='lat' dir='ltr'>sit</span> <span class='ocrx_word' id='word_1_159' title='bbox 848 1339 1006 1371; x_wconf 85' lang='lat' dir='ltr'>uersibus</span> <span class='ocrx_word' id='word_1_160' title='bbox 1030 1340 1141 1371; x_wconf 82' lang='lat'>280—4</span> <span class='ocrx_word' id='word_1_161' title='bbox 1167 1339 1365 1370; x_wconf 80' lang='lat' dir='ltr'>declaratur</span> <span class='ocrx_word' id='word_1_162' title='bbox 1455 1338 1519 1368; x_wconf 85' lang='lat'>284</span> <span class='ocrx_word' id='word_1_163' title='bbox 1543 1341 1615 1370; x_wconf 86' lang='lat' dir='ltr'>iam</span> <span class='ocrx_word' id='word_1_164' title='bbox 1627 1338 1657 1375; x_wconf 89' lang='lat'>*‚</span> 
     </span>
     <span class='ocr_line' id='line_1_19' title="bbox 117 1389 1658 1433; baseline -0.003 -9"><span class='ocrx_word' id='word_1_165' title='bbox 117 1396 182 1425; x_wconf 84' lang='lat' dir='ltr'>aut</span> <span class='ocrx_word' id='word_1_166' title='bbox 201 1392 289 1424; x_wconf 89' lang='lat' dir='ltr'>libri.</span> <span class='ocrx_word' id='word_1_167' title='bbox 337 1392 408 1423; x_wconf 84' lang='lat' dir='ltr'>iam</span> <span class='ocrx_word' id='word_1_168' title='bbox 427 1391 599 1433; x_wconf 85' lang='lat' dir='ltr'>particula</span> <span class='ocrx_word' id='word_1_169' title='bbox 619 1402 651 1423; x_wconf 85' lang='lat' dir='ltr'>u.</span> <span class='ocrx_word' id='word_1_170' title='bbox 674 1392 738 1422; x_wconf 84' lang='lat'>282</span> <span class='ocrx_word' id='word_1_171' title='bbox 759 1392 874 1432; x_wconf 88' lang='lat' dir='ltr'>posita</span> <span class='ocrx_word' id='word_1_172' title='bbox 894 1401 995 1421; x_wconf 88' lang='lat' dir='ltr'>sensu</span> <span class='ocrx_word' id='word_1_173' title='bbox 1016 1393 1111 1421; x_wconf 87' lang='lat' dir='ltr'>caret</span> <span class='ocrx_word' id='word_1_174' title='bbox 1128 1390 1193 1421; x_wconf 88' lang='lat' dir='ltr'>nisi</span> <span class='ocrx_word' id='word_1_175' title='bbox 1213 1390 1418 1430; x_wconf 74' lang='lat' dir='ltr'>geminetur,</span> <span class='ocrx_word' id='word_1_176' title='bbox 1436 1392 1477 1421; x_wconf 89' lang='lat' dir='ltr'>ut</span> <span class='ocrx_word' id='word_1_177' title='bbox 1497 1390 1543 1420; x_wconf 89' lang='lat' dir='ltr'>sit</span> <span class='ocrx_word' id='word_1_178' title='bbox 1563 1389 1658 1420; x_wconf 82' lang='lat' dir='ltr'>modo</span> 
     </span>
     <span class='ocr_line' id='line_1_20' title="bbox 117 1439 1659 1482; baseline -0.002 -8"><span class='ocrx_word' id='word_1_179' title='bbox 117 1467 125 1474; x_wconf 95' lang='lat'>.</span> <span class='ocrx_word' id='word_1_180' title='bbox 146 1467 152 1474; x_wconf 93' lang='lat'>.</span> <span class='ocrx_word' id='word_1_181' title='bbox 173 1467 180 1474; x_wconf 95' lang='lat'>.</span> <span class='ocrx_word' id='word_1_182' title='bbox 200 1443 318 1480; x_wconf 84' lang='lat' dir='ltr'>modo;</span> <span class='ocrx_word' id='word_1_183' title='bbox 351 1442 504 1474; x_wconf 83' lang='lat' dir='ltr'>faciliore</span> <span class='ocrx_word' id='word_1_184' title='bbox 526 1445 645 1473; x_wconf 90' lang='lat' dir='ltr'>autem</span> <span class='ocrx_word' id='word_1_185' title='bbox 666 1442 862 1473; x_wconf 76' lang='lat' dir='ltr'>mutatione</span> <span class='ocrx_word' id='word_1_186' title='bbox 883 1441 947 1472; x_wconf 92' lang='lat' dir='ltr'>hoc</span> <span class='ocrx_word' id='word_1_187' title='bbox 969 1441 1044 1472; x_wconf 87' lang='lat' dir='ltr'>loco</span> <span class='ocrx_word' id='word_1_188' title='bbox 1065 1440 1136 1472; x_wconf 84' lang='lat' dir='ltr'>iam</span> <span class='ocrx_word' id='word_1_189' title='bbox 1156 1451 1218 1482; x_wconf 91' lang='lat' dir='ltr'>pro</span> <span class='ocrx_word' id='word_1_190' title='bbox 1240 1443 1299 1471; x_wconf 82' lang='lat' dir='ltr'>aut</span> <span class='ocrx_word' id='word_1_191' title='bbox 1319 1450 1425 1481; x_wconf 91' lang='lat' dir='ltr'>quam</span> <span class='ocrx_word' id='word_1_192' title='bbox 1447 1439 1504 1471; x_wconf 87' lang='lat' dir='ltr'>illo</span> <span class='ocrx_word' id='word_1_193' title='bbox 1526 1439 1659 1480; x_wconf 77' lang='lat' dir='ltr'>iamque</span> 
     </span>
     <span class='ocr_line' id='line_1_21' title="bbox 116 1492 1658 1536; baseline -0.002 -11"><span class='ocrx_word' id='word_1_194' title='bbox 116 1505 179 1536; x_wconf 92' lang='lat' dir='ltr'>pro</span> <span class='ocrx_word' id='word_1_195' title='bbox 200 1497 296 1534; x_wconf 77' lang='lat' dir='ltr'>atque</span> <span class='ocrx_word' id='word_1_196' title='bbox 314 1494 434 1534; x_wconf 78' lang='lat' dir='ltr'>(adque</span> <span class='ocrx_word' id='word_1_197' title='bbox 453 1494 500 1533; x_wconf 87' lang='lat' dir='ltr'>M)</span> <span class='ocrx_word' id='word_1_198' title='bbox 520 1493 748 1525; x_wconf 86' lang='lat' dir='ltr'>substituitur</span> <span class='ocrx_word' id='word_1_199' title='bbox 837 1495 942 1524; x_wconf 82' lang='lat' dir='ltr'>remis</span> <span class='ocrx_word' id='word_1_200' title='bbox 962 1501 1066 1530; x_wconf 84' lang='lat' dir='ltr'>agere</span> <span class='ocrx_word' id='word_1_201' title='bbox 1080 1493 1224 1532; x_wconf 83' lang='lat' dir='ltr'>(aggere</span> <span class='ocrx_word' id='word_1_202' title='bbox 1243 1492 1291 1531; x_wconf 88' lang='grc' dir='ltr'>Μ)</span> <span class='ocrx_word' id='word_1_203' title='bbox 1304 1495 1373 1528; x_wconf 89' lang='lat' dir='ltr'>LM,</span> <span class='ocrx_word' id='word_1_204' title='bbox 1387 1501 1500 1523; x_wconf 86' lang='lat' dir='ltr'>remos</span> <span class='ocrx_word' id='word_1_205' title='bbox 1520 1494 1658 1529; x_wconf 72' lang='lat' dir='ltr'>agitare</span> 
     </span>
     <span class='ocr_line' id='line_1_22' title="bbox 117 1542 1658 1586; baseline -0.002 -10"><span class='ocrx_word' id='word_1_206' title='bbox 117 1550 154 1582; x_wconf 83' lang='lat' dir='ltr'>G,</span> <span class='ocrx_word' id='word_1_207' title='bbox 184 1556 253 1586; x_wconf 91' lang='lat' dir='ltr'>quo</span> <span class='ocrx_word' id='word_1_208' title='bbox 282 1548 422 1586; x_wconf 87' lang='lat' dir='ltr'>recepto</span> <span class='ocrx_word' id='word_1_209' title='bbox 451 1544 601 1585; x_wconf 85' lang='lat' dir='ltr'>Scaliger</span> <span class='ocrx_word' id='word_1_210' title='bbox 622 1545 752 1586; x_wconf 84' lang='lat' dir='ltr'>flectere</span> <span class='ocrx_word' id='word_1_211' title='bbox 840 1554 933 1584; x_wconf 73' lang='lat' dir='ltr'>ayere</span> <span class='ocrx_word' id='word_1_212' title='bbox 966 1547 1077 1574; x_wconf 87' lang='lat' dir='ltr'>ratem</span> <span class='ocrx_word' id='word_1_213' title='bbox 1168 1546 1260 1574; x_wconf 85' lang='lat' dir='ltr'>recte</span> <span class='ocrx_word' id='word_1_214' title='bbox 1289 1546 1369 1584; x_wconf 88' lang='lat' dir='ltr'>post</span> <span class='ocrx_word' id='word_1_215' title='bbox 1398 1542 1490 1574; x_wconf 90' lang='lat' dir='ltr'>hunc</span> <span class='ocrx_word' id='word_1_216' title='bbox 1519 1552 1658 1574; x_wconf 86' lang='lat' dir='ltr'>uersum</span> 
     </span>
     <span class='ocr_line' id='line_1_23' title="bbox 116 1594 1658 1638; baseline -0.002 -10"><span class='ocrx_word' id='word_1_217' title='bbox 116 1597 337 1638; x_wconf 76' lang='lat' dir='ltr'>interpunxit</span> <span class='ocrx_word' id='word_1_218' title='bbox 358 1596 669 1637; x_wconf 79' lang='lat' dir='ltr'>Regiomontanus‚</span> <span class='ocrx_word' id='word_1_219' title='bbox 692 1605 763 1626; x_wconf 88' lang='lat' dir='ltr'>non</span> <span class='ocrx_word' id='word_1_220' title='bbox 784 1598 876 1626; x_wconf 88' lang='lat' dir='ltr'>recte</span> <span class='ocrx_word' id='word_1_221' title='bbox 898 1595 990 1626; x_wconf 87' lang='lat' dir='ltr'>idem</span> <span class='ocrx_word' id='word_1_222' title='bbox 1013 1605 1092 1625; x_wconf 88' lang='lat' dir='ltr'>cum</span> <span class='ocrx_word' id='word_1_223' title='bbox 1114 1594 1286 1635; x_wconf 91' lang='lat' dir='ltr'>plerisque</span> <span class='ocrx_word' id='word_1_224' title='bbox 1308 1598 1388 1635; x_wconf 88' lang='lat' dir='ltr'>post</span> <span class='ocrx_word' id='word_1_225' title='bbox 1410 1595 1486 1631; x_wconf 82' lang='lat'>287,</span> <span class='ocrx_word' id='word_1_226' title='bbox 1509 1594 1569 1625; x_wconf 90' lang='lat' dir='ltr'>ubi</span> <span class='ocrx_word' id='word_1_227' title='bbox 1592 1594 1658 1625; x_wconf 85' lang='lat' dir='ltr'>dis-</span> 
     </span>
     <span class='ocr_line' id='line_1_24' title="bbox 117 1644 1660 1683; baseline -0.003 -4"><span class='ocrx_word' id='word_1_228' title='bbox 117 1648 324 1679; x_wconf 85' lang='lat' dir='ltr'>tinctionem</span> <span class='ocrx_word' id='word_1_229' title='bbox 350 1646 492 1678; x_wconf 85' lang='lat' dir='ltr'>sustulit</span> <span class='ocrx_word' id='word_1_230' title='bbox 516 1646 666 1678; x_wconf 89' lang='lat' dir='ltr'>Iacobus</span> <span class='ocrx_word' id='word_1_231' title='bbox 756 1646 818 1676; x_wconf 87' lang='grc'>285</span> <span class='ocrx_word' id='word_1_232' title='bbox 845 1648 930 1683; x_wconf 86' lang='lat' dir='ltr'>quin</span> <span class='ocrx_word' id='word_1_233' title='bbox 940 1646 970 1682; x_wconf 83' lang='lat'>*‚</span> <span class='ocrx_word' id='word_1_234' title='bbox 997 1648 1080 1682; x_wconf 79' lang='lat' dir='ltr'>quid</span> <span class='ocrx_word' id='word_1_235' title='bbox 1106 1649 1200 1682; x_wconf 87' lang='lat' dir='ltr'>GLM,</span> <span class='ocrx_word' id='word_1_236' title='bbox 1227 1649 1319 1682; x_wconf 84' lang='lat' dir='ltr'>quod</span> <span class='ocrx_word' id='word_1_237' title='bbox 1344 1644 1419 1676; x_wconf 88' lang='lat' dir='ltr'>cod.</span> <span class='ocrx_word' id='word_1_238' title='bbox 1448 1645 1612 1682; x_wconf 91' lang='lat' dir='ltr'>Venetus,</span> <span class='ocrx_word' id='word_1_239' title='bbox 1631 1648 1660 1676; x_wconf 83' lang='lat' dir='ltr'>et</span> 
     </span>
     <span class='ocr_line' id='line_1_25' title="bbox 117 1696 1658 1738; baseline -0.002 -8"><span class='ocrx_word' id='word_1_240' title='bbox 117 1698 218 1730; x_wconf 88' lang='lat' dir='ltr'>codd.</span> <span class='ocrx_word' id='word_1_241' title='bbox 238 1698 326 1730; x_wconf 80' lang='lat' dir='ltr'>Flor.</span> <span class='ocrx_word' id='word_1_242' title='bbox 343 1701 380 1730; x_wconf 87' lang='lat' dir='ltr'>et</span> <span class='ocrx_word' id='word_1_243' title='bbox 398 1697 496 1729; x_wconf 87' lang='lat' dir='ltr'>Bodl.</span> <span class='ocrx_word' id='word_1_244' title='bbox 512 1710 519 1734; x_wconf 88' lang='lat'>;</span> <span class='ocrx_word' id='word_1_245' title='bbox 538 1706 567 1728; x_wconf 90' lang='lat'>11</span> <span class='ocrx_word' id='word_1_246' title='bbox 584 1698 648 1729; x_wconf 86' lang='lat'>223</span> <span class='ocrx_word' id='word_1_247' title='bbox 667 1697 749 1737; x_wconf 77' lang='lat' dir='ltr'>quin</span> <span class='ocrx_word' id='word_1_248' title='bbox 767 1696 927 1738; x_wconf 86' lang='lat' dir='ltr'>Scaliger,</span> <span class='ocrx_word' id='word_1_249' title='bbox 942 1697 1023 1736; x_wconf 80' lang='lat' dir='ltr'>quid</span> <span class='ocrx_word' id='word_1_250' title='bbox 1040 1700 1084 1734; x_wconf 88' lang='lat' dir='ltr'>M,</span> <span class='ocrx_word' id='word_1_251' title='bbox 1103 1696 1189 1736; x_wconf 80' lang='lat' dir='ltr'>quod</span> <span class='ocrx_word' id='word_1_252' title='bbox 1214 1700 1274 1729; x_wconf 85' lang='lat' dir='ltr'>GL.</span> <span class='ocrx_word' id='word_1_253' title='bbox 1320 1696 1490 1727; x_wconf 84' lang='lat' dir='ltr'>transitur</span> <span class='ocrx_word' id='word_1_254' title='bbox 1507 1706 1527 1727; x_wconf 90' lang='lat' dir='ltr'>a</span> <span class='ocrx_word' id='word_1_255' title='bbox 1540 1697 1658 1727; x_wconf 86' lang='lat' dir='ltr'>nautis</span> 
     </span>
     <span class='ocr_line' id='line_1_26' title="bbox 117 1746 1661 1791; baseline -0.002 -10"><span class='ocrx_word' id='word_1_256' title='bbox 117 1750 163 1781; x_wconf 88' lang='lat' dir='ltr'>ad</span> <span class='ocrx_word' id='word_1_257' title='bbox 186 1750 398 1791; x_wconf 87' lang='lat' dir='ltr'>piscatores:</span> <span class='ocrx_word' id='word_1_258' title='bbox 434 1748 557 1780; x_wconf 89' lang='lat' dir='ltr'>eodem</span> <span class='ocrx_word' id='word_1_259' title='bbox 581 1748 684 1780; x_wconf 89' lang='lat' dir='ltr'>modo</span> <span class='ocrx_word' id='word_1_260' title='bbox 708 1748 791 1789; x_wconf 82' lang='lat' dir='ltr'>quin</span> <span class='ocrx_word' id='word_1_261' title='bbox 813 1748 956 1789; x_wconf 88' lang='lat' dir='ltr'>ponitur</span> <span class='ocrx_word' id='word_1_262' title='bbox 978 1748 1085 1779; x_wconf 86' lang='lat' dir='ltr'>etiam</span> <span class='ocrx_word' id='word_1_263' title='bbox 1109 1758 1141 1779; x_wconf 93' lang='lat' dir='ltr'>u.</span> <span class='ocrx_word' id='word_1_264' title='bbox 1167 1748 1242 1779; x_wconf 82' lang='lat'>222.</span> <span class='ocrx_word' id='word_1_265' title='bbox 1291 1747 1375 1778; x_wconf 88' lang='lat' dir='ltr'>ordo</span> <span class='ocrx_word' id='word_1_266' title='bbox 1398 1750 1452 1778; x_wconf 92' lang='lat' dir='ltr'>est</span> <span class='ocrx_word' id='word_1_267' title='bbox 1475 1746 1661 1779; x_wconf 80' lang='lat' dir='ltr'>attribuunt</span> 
     </span>
     <span class='ocr_line' id='line_1_27' title="bbox 117 1797 1660 1842; baseline -0.001 -10"><span class='ocrx_word' id='word_1_268' title='bbox 117 1801 262 1842; x_wconf 88' lang='lat' dir='ltr'>(Pisces)</span> <span class='ocrx_word' id='word_1_269' title='bbox 281 1810 426 1832; x_wconf 79' lang='lat' dir='ltr'>euerrere</span> <span class='ocrx_word' id='word_1_270' title='bbox 442 1809 564 1840; x_wconf 78' lang='lat' dir='ltr'>aequor</span> <span class='ocrx_word' id='word_1_271' title='bbox 579 1799 786 1840; x_wconf 81' lang='lat' dir='ltr'>populosque</span> <span class='ocrx_word' id='word_1_272' title='bbox 804 1809 963 1838; x_wconf 77' lang='lat' dir='ltr'>exponere</span> <span class='ocrx_word' id='word_1_273' title='bbox 982 1802 1040 1830; x_wconf 84' lang='lat' dir='ltr'>aut</span> <span class='ocrx_word' id='word_1_274' title='bbox 1058 1808 1161 1830; x_wconf 81' lang='lat' dir='ltr'>uncos</span> <span class='ocrx_word' id='word_1_275' title='bbox 1178 1802 1238 1830; x_wconf 82' lang='lat' dir='ltr'>aut</span> <span class='ocrx_word' id='word_1_276' title='bbox 1250 1797 1407 1839; x_wconf 81' lang='lat' dir='ltr'>fraudem</span> <span class='ocrx_word' id='word_1_277' title='bbox 1425 1798 1540 1836; x_wconf 80' lang='lat' dir='ltr'>celare,</span> <span class='ocrx_word' id='word_1_278' title='bbox 1560 1799 1660 1830; x_wconf 82' lang='lat' dir='ltr'>etiam</span> 
     </span>
     <span class='ocr_line' id='line_1_28' title="bbox 117 1850 1658 1892; baseline -0.001 -9"><span class='ocrx_word' id='word_1_279' title='bbox 117 1852 257 1884; x_wconf 79' lang='lat' dir='ltr'>naualis</span> <span class='ocrx_word' id='word_1_280' title='bbox 276 1861 410 1892; x_wconf 75' lang='lat' dir='ltr'>puynas</span> <span class='ocrx_word' id='word_1_281' title='bbox 431 1851 631 1892; x_wconf 81' lang='lat' dir='ltr'>infectosque</span> <span class='ocrx_word' id='word_1_282' title='bbox 646 1851 783 1892; x_wconf 79' lang='lat' dir='ltr'>fluctus,</span> <span class='ocrx_word' id='word_1_283' title='bbox 805 1850 988 1882; x_wconf 85' lang='lat' dir='ltr'>infinitiuis</span> <span class='ocrx_word' id='word_1_284' title='bbox 1009 1853 1045 1881; x_wconf 82' lang='lat' dir='ltr'>et</span> <span class='ocrx_word' id='word_1_285' title='bbox 1068 1850 1300 1881; x_wconf 84' lang='lat' dir='ltr'>substantiuis</span> <span class='ocrx_word' id='word_1_286' title='bbox 1322 1860 1365 1881; x_wconf 84' lang='lat' dir='ltr'>ex</span> <span class='ocrx_word' id='word_1_287' title='bbox 1389 1859 1501 1890; x_wconf 87' lang='lat' dir='ltr'>aequo</span> <span class='ocrx_word' id='word_1_288' title='bbox 1524 1851 1658 1891; x_wconf 83' lang='lat' dir='ltr'>positis,</span> 
     </span>
     <span class='ocr_line' id='line_1_29' title="bbox 116 1900 1661 1945; baseline -0.003 -10"><span class='ocrx_word' id='word_1_289' title='bbox 116 1907 159 1936; x_wconf 86' lang='lat' dir='ltr'>ut</span> <span class='ocrx_word' id='word_1_290' title='bbox 184 1903 287 1945; x_wconf 86' lang='lat' dir='ltr'>paulo</span> <span class='ocrx_word' id='word_1_291' title='bbox 313 1906 395 1934; x_wconf 86' lang='lat' dir='ltr'>ante</span> <span class='ocrx_word' id='word_1_292' title='bbox 419 1903 540 1940; x_wconf 88' lang='lat'>280-4,</span> <span class='ocrx_word' id='word_1_293' title='bbox 565 1911 579 1933; x_wconf 90' lang='lat'>1</span> <span class='ocrx_word' id='word_1_294' title='bbox 603 1903 643 1933; x_wconf 89' lang='grc'>91</span> <span class='ocrx_word' id='word_1_295' title='bbox 671 1912 734 1942; x_wconf 90' lang='lat' dir='ltr'>sq.‚</span> <span class='ocrx_word' id='word_1_296' title='bbox 760 1910 804 1932; x_wconf 89' lang='lat'>111</span> <span class='ocrx_word' id='word_1_297' title='bbox 831 1902 893 1932; x_wconf 78' lang='lat'>144</span> <span class='ocrx_word' id='word_1_298' title='bbox 917 1900 1087 1932; x_wconf 68' lang='lat' dir='ltr'>auxilium</span> <span class='ocrx_word' id='word_1_299' title='bbox 1112 1904 1164 1932; x_wconf 85' lang='lat' dir='ltr'>et.</span> <span class='ocrx_word' id='word_1_300' title='bbox 1184 1925 1190 1931; x_wconf 93' lang='lat'>.</span> <span class='ocrx_word' id='word_1_301' title='bbox 1211 1924 1218 1932; x_wconf 95' lang='lat'>.</span> <span class='ocrx_word' id='word_1_302' title='bbox 1237 1900 1383 1938; x_wconf 75' lang='lat' dir='ltr'>miscere,</span> <span class='ocrx_word' id='word_1_303' title='bbox 1409 1909 1432 1932; x_wconf 91' lang='lat' dir='ltr'><strong>v</strong></span> <span class='ocrx_word' id='word_1_304' title='bbox 1457 1902 1522 1932; x_wconf 74' lang='lat'>624</span> <span class='ocrx_word' id='word_1_305' title='bbox 1547 1901 1661 1932; x_wconf 76' lang='lat' dir='ltr'>oscula</span> 
     </span>
     <span class='ocr_line' id='line_1_30' title="bbox 118 1951 1654 1994; baseline -0.003 -8"><span class='ocrx_word' id='word_1_306' title='bbox 118 1958 170 1986; x_wconf 87' lang='lat' dir='ltr'>et.</span> <span class='ocrx_word' id='word_1_307' title='bbox 191 1979 198 1986; x_wconf 88' lang='lat'>.</span> <span class='ocrx_word' id='word_1_308' title='bbox 217 1978 225 1986; x_wconf 94' lang='lat'>.</span> <span class='ocrx_word' id='word_1_309' title='bbox 244 1953 421 1994; x_wconf 78' lang='lat' dir='ltr'>transferre</span> <span class='ocrx_word' id='word_1_310' title='bbox 511 1962 672 1985; x_wconf 87' lang='lat' dir='ltr'>euerrere</span> <span class='ocrx_word' id='word_1_311' title='bbox 698 1956 731 1984; x_wconf 88' lang='lat' dir='ltr'>M</span> <span class='ocrx_word' id='word_1_312' title='bbox 755 1953 845 1983; x_wconf 87' lang='lat' dir='ltr'>sicut</span> <span class='ocrx_word' id='word_1_313' title='bbox 869 1953 1064 1983; x_wconf 85' lang='lat' dir='ltr'>coniecerat</span> <span class='ocrx_word' id='word_1_314' title='bbox 1088 1951 1248 1993; x_wconf 84' lang='lat' dir='ltr'>Scaliger,</span> <span class='ocrx_word' id='word_1_315' title='bbox 1275 1956 1434 1984; x_wconf 76' lang='lat' dir='ltr'>euertere</span> <span class='ocrx_word' id='word_1_316' title='bbox 1459 1955 1517 1984; x_wconf 83' lang='lat' dir='ltr'>GL.</span> <span class='ocrx_word' id='word_1_317' title='bbox 1565 1952 1654 1984; x_wconf 62' lang='lat' dir='ltr'>Non⁴</span> 
     </span>
     <span class='ocr_line' id='line_1_31' title="bbox 117 2003 1661 2047; baseline -0.002 -10"><span class='ocrx_word' id='word_1_318' title='bbox 117 2016 151 2047; x_wconf 88' lang='lat' dir='ltr'>p.</span> <span class='ocrx_word' id='word_1_319' title='bbox 176 2007 219 2038; x_wconf 86' lang='lat'>34</span> <span class='ocrx_word' id='word_1_320' title='bbox 241 2004 462 2036; x_wconf 82' lang='lat' dir='ltr'>euerriculum</span> <span class='ocrx_word' id='word_1_321' title='bbox 483 2013 586 2043; x_wconf 74' lang='lat' dir='ltr'>qenus</span> <span class='ocrx_word' id='word_1_322' title='bbox 607 2007 653 2035; x_wconf 78' lang='lat' dir='ltr'>est</span> <span class='ocrx_word' id='word_1_323' title='bbox 673 2004 751 2035; x_wconf 83' lang='lat' dir='ltr'>retis</span> <span class='ocrx_word' id='word_1_324' title='bbox 770 2003 958 2042; x_wconf 81' lang='lat' dir='ltr'>piscatorii,</span> <span class='ocrx_word' id='word_1_325' title='bbox 982 2003 1036 2034; x_wconf 83' lang='lat' dir='ltr'>uel</span> <span class='ocrx_word' id='word_1_326' title='bbox 1055 2003 1142 2043; x_wconf 82' lang='lat' dir='ltr'>qaod</span> <span class='ocrx_word' id='word_1_327' title='bbox 1162 2003 1312 2034; x_wconf 74' lang='lat' dir='ltr'>trahatur</span> <span class='ocrx_word' id='word_1_328' title='bbox 1334 2003 1388 2034; x_wconf 81' lang='lat' dir='ltr'>uel</span> <span class='ocrx_word' id='word_1_329' title='bbox 1407 2003 1503 2043; x_wconf 78' lang='lat' dir='ltr'>quod,</span> <span class='ocrx_word' id='word_1_330' title='bbox 1526 2003 1558 2034; x_wconf 80' lang='lat' dir='ltr'>si</span> <span class='ocrx_word' id='word_1_331' title='bbox 1579 2003 1661 2043; x_wconf 78' lang='lat' dir='ltr'>quid</span> 
     </span>
     <span class='ocr_line' id='line_1_32' title="bbox 112 2053 1661 2098; baseline -0.001 -11"><span class='ocrx_word' id='word_1_332' title='bbox 112 2057 219 2098; x_wconf 81' lang='lat' dir='ltr'>fuerit</span> <span class='ocrx_word' id='word_1_333' title='bbox 239 2056 388 2096; x_wconf 80' lang='lat' dir='ltr'>piscium</span> <span class='ocrx_word' id='word_1_334' title='bbox 410 2059 555 2092; x_wconf 80' lang='lat' dir='ltr'>nactam,</span> <span class='ocrx_word' id='word_1_335' title='bbox 581 2058 717 2092; x_wconf 65' lang='lat' dir='ltr'>enarrat,</span> <span class='ocrx_word' id='word_1_336' title='bbox 741 2054 867 2096; x_wconf 90' lang='lat' dir='ltr'>Appul.</span> <span class='ocrx_word' id='word_1_337' title='bbox 894 2054 983 2096; x_wconf 87' lang='lat' dir='ltr'>apol.</span> <span class='ocrx_word' id='word_1_338' title='bbox 1009 2055 1048 2086; x_wconf 89' lang='grc'>31</span> <span class='ocrx_word' id='word_1_339' title='bbox 1075 2064 1096 2084; x_wconf 86' lang='grc' dir='ltr'><em>α</em></span> <span class='ocrx_word' id='word_1_340' title='bbox 1113 2078 1119 2085; x_wconf 92' lang='grc'><strong>.</strong></span> <span class='ocrx_word' id='word_1_341' title='bbox 1139 2078 1146 2085; x_wconf 95' lang='grc'><strong>.</strong></span> <span class='ocrx_word' id='word_1_342' title='bbox 1166 2078 1173 2085; x_wconf 91' lang='grc'><em>.</em></span> <span class='ocrx_word' id='word_1_343' title='bbox 1191 2053 1415 2093; x_wconf 74' lang='lat' dir='ltr'>piscatoribus</span> <span class='ocrx_word' id='word_1_344' title='bbox 1438 2054 1661 2085; x_wconf 75' lang='lat' dir='ltr'>euerriculum</span> 
     </span>
     <span class='ocr_line' id='line_1_33' title="bbox 117 2104 1659 2148; baseline -0.002 -8"><span class='ocrx_word' id='word_1_345' title='bbox 117 2108 230 2145; x_wconf 74' lang='lat' dir='ltr'>trahi3</span> <span class='ocrx_word' id='word_1_346' title='bbox 262 2107 388 2148; x_wconf 91' lang='lat' dir='ltr'>quibus</span> <span class='ocrx_word' id='word_1_347' title='bbox 406 2107 489 2138; x_wconf 86' lang='lat' dir='ltr'>locis</span> <span class='ocrx_word' id='word_1_348' title='bbox 508 2106 691 2147; x_wconf 86' lang='lat' dir='ltr'>adscriptis</span> <span class='ocrx_word' id='word_1_349' title='bbox 710 2107 795 2137; x_wconf 87' lang='lat' dir='ltr'>satis</span> <span class='ocrx_word' id='word_1_350' title='bbox 813 2109 958 2137; x_wconf 87' lang='lat' dir='ltr'>cauetur</span> <span class='ocrx_word' id='word_1_351' title='bbox 975 2115 1018 2136; x_wconf 75' lang='lat' dir='ltr'>ne</span> <span class='ocrx_word' id='word_1_352' title='bbox 1038 2106 1114 2146; x_wconf 89' lang='lat' dir='ltr'>quis</span> <span class='ocrx_word' id='word_1_353' title='bbox 1133 2104 1304 2146; x_wconf 88' lang='lat' dir='ltr'>Scaligero</span> <span class='ocrx_word' id='word_1_354' title='bbox 1324 2105 1470 2136; x_wconf 80' lang='lat' dir='ltr'>inductis</span> <span class='ocrx_word' id='word_1_355' title='bbox 1488 2105 1533 2136; x_wconf 93' lang='lat' dir='ltr'>ob</span> <span class='ocrx_word' id='word_1_356' title='bbox 1553 2114 1575 2136; x_wconf 95' lang='lat' dir='ltr'>v</span> <span class='ocrx_word' id='word_1_357' title='bbox 1597 2106 1659 2137; x_wconf 84' lang='lat'>193</span> 
     </span>
     <span class='ocr_line' id='line_1_34' title="bbox 118 2155 1659 2202; baseline -0.003 -11"><span class='ocrx_word' id='word_1_358' title='bbox 118 2160 301 2202; x_wconf 88' lang='lat' dir='ltr'>reponenti</span> <span class='ocrx_word' id='word_1_359' title='bbox 324 2158 479 2195; x_wconf 86' lang='lat' dir='ltr'>accedat,</span> <span class='ocrx_word' id='word_1_360' title='bbox 504 2168 615 2199; x_wconf 88' lang='lat' dir='ltr'>neque</span> <span class='ocrx_word' id='word_1_361' title='bbox 639 2167 726 2199; x_wconf 91' lang='lat' dir='ltr'>opus</span> <span class='ocrx_word' id='word_1_362' title='bbox 750 2160 803 2188; x_wconf 87' lang='lat' dir='ltr'>est</span> <span class='ocrx_word' id='word_1_363' title='bbox 826 2160 867 2188; x_wconf 84' lang='lat' dir='ltr'>ut</span> <span class='ocrx_word' id='word_1_364' title='bbox 891 2156 1062 2187; x_wconf 86' lang='lat' dir='ltr'>adiciatur</span> <span class='ocrx_word' id='word_1_365' title='bbox 1086 2155 1187 2188; x_wconf 90' lang='lat' dir='ltr'>Ouid.</span> <span class='ocrx_word' id='word_1_366' title='bbox 1214 2159 1296 2187; x_wconf 89' lang='lat' dir='ltr'>met.</span> <span class='ocrx_word' id='word_1_367' title='bbox 1320 2165 1390 2187; x_wconf 62' lang='lat'>3111</span> <span class='ocrx_word' id='word_1_368' title='bbox 1414 2157 1478 2188; x_wconf 83' lang='lat'>922</span> <span class='ocrx_word' id='word_1_369' title='bbox 1502 2155 1659 2188; x_wconf 78' lang='lat' dir='ltr'>ducebam</span> 
     </span>
     <span class='ocr_line' id='line_1_35' title="bbox 120 2206 1659 2249; baseline -0.002 -6"><span class='ocrx_word' id='word_1_370' title='bbox 120 2210 276 2244; x_wconf 78' lang='lat' dir='ltr'>ducentia</span> <span class='ocrx_word' id='word_1_371' title='bbox 308 2210 392 2241; x_wconf 81' lang='lat' dir='ltr'>retia</span> <span class='ocrx_word' id='word_1_372' title='bbox 422 2209 542 2248; x_wconf 78' lang='lat' dir='ltr'>pisces.</span> <span class='ocrx_word' id='word_1_373' title='bbox 590 2211 744 2240; x_wconf 85' lang='lat' dir='ltr'>ceterum</span> <span class='ocrx_word' id='word_1_374' title='bbox 778 2208 967 2249; x_wconf 87' lang='lat' dir='ltr'>piscatores</span> <span class='ocrx_word' id='word_1_375' title='bbox 1002 2207 1160 2238; x_wconf 86' lang='lat' dir='ltr'>similiter</span> <span class='ocrx_word' id='word_1_376' title='bbox 1193 2206 1437 2239; x_wconf 87' lang='lat' dir='ltr'>describuntur</span> <span class='ocrx_word' id='word_1_377' title='bbox 1470 2216 1493 2239; x_wconf 89' lang='lat' dir='ltr'><strong>v</strong></span> <span class='ocrx_word' id='word_1_378' title='bbox 1529 2208 1659 2240; x_wconf 76' lang='lat'>189-94</span> 
     </span>
     <span class='ocr_line' id='line_1_36' title="bbox 119 2259 1659 2300; baseline -0.003 -5"><span class='ocrx_word' id='word_1_379' title='bbox 119 2266 157 2295; x_wconf 65' lang='lat' dir='ltr'>et«</span> <span class='ocrx_word' id='word_1_380' title='bbox 197 2262 328 2294; x_wconf 78' lang='lat'>658-63</span> <span class='ocrx_word' id='word_1_381' title='bbox 419 2261 482 2292; x_wconf 84' lang='grc'>286</span> <span class='ocrx_word' id='word_1_382' title='bbox 521 2259 676 2299; x_wconf 78' lang='lat' dir='ltr'>populos,</span> <span class='ocrx_word' id='word_1_383' title='bbox 718 2259 806 2300; x_wconf 87' lang='lat' dir='ltr'>Opp.</span> <span class='ocrx_word' id='word_1_384' title='bbox 846 2259 914 2290; x_wconf 80' lang='lat' dir='ltr'>hal.</span> <span class='ocrx_word' id='word_1_385' title='bbox 949 2267 962 2289; x_wconf 96' lang='lat'>1</span> <span class='ocrx_word' id='word_1_386' title='bbox 997 2259 1058 2290; x_wconf 89' lang='lat' dir='ltr'>l—3</span> <span class='ocrx_word' id='word_1_387' title='bbox 1100 2260 1192 2289; x_wconf 80' lang='grc' dir='ltr'><em>ἔθνεά,</em></span> <span class='ocrx_word' id='word_1_388' title='bbox 1231 2271 1278 2289; x_wconf 85' lang='grc' dir='ltr'>τοι</span> <span class='ocrx_word' id='word_1_389' title='bbox 1318 2260 1449 2290; x_wconf 83' lang='grc' dir='ltr'>πόντοιο</span> <span class='ocrx_word' id='word_1_390' title='bbox 1466 2284 1472 2289; x_wconf 96' lang='grc'>.</span> <span class='ocrx_word' id='word_1_391' title='bbox 1494 2284 1500 2289; x_wconf 98' lang='grc'>.</span> <span class='ocrx_word' id='word_1_392' title='bbox 1521 2284 1527 2290; x_wconf 90' lang='grc'><em>.</em></span> <span class='ocrx_word' id='word_1_393' title='bbox 1549 2260 1659 2300; x_wconf 74' lang='grc' dir='ltr'>ἐξερέω</span> 
     </span>
     <span class='ocr_line' id='line_1_37' title="bbox 208 2308 1659 2351; baseline -0.002 -7"><span class='ocrx_word' id='word_1_394' title='bbox 208 2313 270 2345; x_wconf 75' lang='lat'>287</span> <span class='ocrx_word' id='word_1_395' title='bbox 288 2321 394 2344; x_wconf 86' lang='lat' dir='ltr'>uncos</span> <span class='ocrx_word' id='word_1_396' title='bbox 412 2315 471 2348; x_wconf 86' lang='lat' dir='ltr'>GL,</span> <span class='ocrx_word' id='word_1_397' title='bbox 489 2314 608 2343; x_wconf 86' lang='lat' dir='ltr'>iuncos</span> <span class='ocrx_word' id='word_1_398' title='bbox 623 2315 657 2342; x_wconf 89' lang='lat' dir='ltr'>M</span> <span class='ocrx_word' id='word_1_399' title='bbox 747 2319 872 2341; x_wconf 82' lang='lat' dir='ltr'>carcere</span> <span class='ocrx_word' id='word_1_400' title='bbox 887 2319 1007 2340; x_wconf 81' lang='lat' dir='ltr'>nassae</span> <span class='ocrx_word' id='word_1_401' title='bbox 1022 2308 1099 2340; x_wconf 92' lang='lat' dir='ltr'>qu.</span> <span class='ocrx_word' id='word_1_402' title='bbox 1114 2318 1169 2340; x_wconf 74' lang='grc' dir='ltr'>ΧΠ</span> <span class='ocrx_word' id='word_1_403' title='bbox 1185 2309 1256 2341; x_wconf 88' lang='lat'>123.</span> <span class='ocrx_word' id='word_1_404' title='bbox 1306 2312 1417 2351; x_wconf 83' lang='grc' dir='ltr'>κύρτου</span> <span class='ocrx_word' id='word_1_405' title='bbox 1431 2311 1524 2341; x_wconf 84' lang='grc' dir='ltr'>δόλον</span> <span class='ocrx_word' id='word_1_406' title='bbox 1537 2311 1659 2341; x_wconf 81' lang='lat' dir='ltr'>multis</span> 
     </span>
     <span class='ocr_line' id='line_1_38' title="bbox 118 2360 1656 2406; baseline -0.002 -10"><span class='ocrx_word' id='word_1_407' title='bbox 118 2365 321 2406; x_wconf 85' lang='lat' dir='ltr'>exsequitur</span> <span class='ocrx_word' id='word_1_408' title='bbox 339 2363 519 2405; x_wconf 84' lang='lat' dir='ltr'>Oppianus</span> <span class='ocrx_word' id='word_1_409' title='bbox 538 2362 605 2394; x_wconf 83' lang='lat' dir='ltr'>hal.</span> <span class='ocrx_word' id='word_1_410' title='bbox 626 2371 669 2394; x_wconf 93' lang='lat'>111</span> <span class='ocrx_word' id='word_1_411' title='bbox 687 2363 749 2394; x_wconf 84' lang='lat'>341</span> <span class='ocrx_word' id='word_1_412' title='bbox 771 2371 846 2403; x_wconf 88' lang='lat' dir='ltr'>sqq.</span> <span class='ocrx_word' id='word_1_413' title='bbox 938 2361 1000 2391; x_wconf 88' lang='lat'>288</span> <span class='ocrx_word' id='word_1_414' title='bbox 1017 2360 1209 2400; x_wconf 76' lang='lat' dir='ltr'>pendentia,</span> <span class='ocrx_word' id='word_1_415' title='bbox 1228 2362 1401 2399; x_wconf 82' lang='lat' dir='ltr'>natantia,</span> <span class='ocrx_word' id='word_1_416' title='bbox 1422 2364 1461 2393; x_wconf 87' lang='lat' dir='ltr'>ut</span> <span class='ocrx_word' id='word_1_417' title='bbox 1480 2370 1503 2393; x_wconf 90' lang='lat' dir='ltr'><strong>v</strong></span> <span class='ocrx_word' id='word_1_418' title='bbox 1521 2363 1586 2394; x_wconf 86' lang='grc'>429</span> <span class='ocrx_word' id='word_1_419' title='bbox 1605 2372 1656 2403; x_wconf 88' lang='lat' dir='ltr'>sq.</span> 
     </span>
     <span class='ocr_line' id='line_1_39' title="bbox 118 2410 1657 2454; baseline -0.003 -7"><span class='ocrx_word' id='word_1_420' title='bbox 118 2426 186 2447; x_wconf 84' lang='lat' dir='ltr'>non</span> <span class='ocrx_word' id='word_1_421' title='bbox 208 2414 356 2446; x_wconf 80' lang='lat' dir='ltr'>onerabit</span> <span class='ocrx_word' id='word_1_422' title='bbox 376 2423 481 2454; x_wconf 79' lang='lat' dir='ltr'>aquas</span> <span class='ocrx_word' id='word_1_423' title='bbox 502 2414 707 2454; x_wconf 79' lang='lat' dir='ltr'>summisque</span> <span class='ocrx_word' id='word_1_424' title='bbox 727 2411 892 2444; x_wconf 80' lang='lat' dir='ltr'>accumbet</span> <span class='ocrx_word' id='word_1_425' title='bbox 914 2412 952 2443; x_wconf 83' lang='lat' dir='ltr'>in</span> <span class='ocrx_word' id='word_1_426' title='bbox 974 2412 1076 2443; x_wconf 82' lang='lat' dir='ltr'>undis</span> <span class='ocrx_word' id='word_1_427' title='bbox 1097 2410 1101 2454; x_wconf 91' lang='grc' dir='ltr'>Ι</span> <span class='ocrx_word' id='word_1_428' title='bbox 1119 2411 1335 2452; x_wconf 82' lang='lat' dir='ltr'>pendebitque</span> <span class='ocrx_word' id='word_1_429' title='bbox 1356 2422 1467 2452; x_wconf 80' lang='lat' dir='ltr'>saper,</span> <span class='ocrx_word' id='word_1_430' title='bbox 1491 2413 1556 2445; x_wconf 88' lang='grc'>398</span> <span class='ocrx_word' id='word_1_431' title='bbox 1576 2422 1657 2452; x_wconf 85' lang='lat' dir='ltr'>pen-</span> 
     </span>
     <span class='ocr_line' id='line_1_40' title="bbox 118 2461 1656 2505; baseline -0.002 -7"><span class='ocrx_word' id='word_1_432' title='bbox 118 2468 247 2499; x_wconf 84' lang='lat' dir='ltr'>dentem</span> <span class='ocrx_word' id='word_1_433' title='bbox 263 2490 270 2497; x_wconf 94' lang='lat'>.</span> <span class='ocrx_word' id='word_1_434' title='bbox 290 2490 297 2497; x_wconf 95' lang='lat'>.</span> <span class='ocrx_word' id='word_1_435' title='bbox 317 2489 324 2497; x_wconf 93' lang='lat'>.</span> <span class='ocrx_word' id='word_1_436' title='bbox 343 2466 381 2496; x_wconf 86' lang='lat' dir='ltr'>in</span> <span class='ocrx_word' id='word_1_437' title='bbox 403 2474 541 2505; x_wconf 84' lang='lat' dir='ltr'>aequore</span> <span class='ocrx_word' id='word_1_438' title='bbox 561 2465 711 2504; x_wconf 82' lang='lat' dir='ltr'>piscem;</span> <span class='ocrx_word' id='word_1_439' title='bbox 748 2463 845 2495; x_wconf 86' lang='lat' dir='ltr'>deest</span> <span class='ocrx_word' id='word_1_440' title='bbox 869 2463 961 2495; x_wconf 90' lang='lat' dir='ltr'>enim</span> <span class='ocrx_word' id='word_1_441' title='bbox 984 2461 1116 2494; x_wconf 77' lang='lat' dir='ltr'>stabitis</span> <span class='ocrx_word' id='word_1_442' title='bbox 1138 2463 1321 2495; x_wconf 80' lang='lat' dir='ltr'>naualibus</span> <span class='ocrx_word' id='word_1_443' title='bbox 1344 2474 1423 2495; x_wconf 85' lang='lat' dir='ltr'>area</span> <span class='ocrx_word' id='word_1_444' title='bbox 1445 2463 1549 2501; x_wconf 81' lang='lat' dir='ltr'>bellis,</span> <span class='ocrx_word' id='word_1_445' title='bbox 1575 2464 1656 2495; x_wconf 90' lang='lat' dir='ltr'>Luc.</span> 
     </span>
     <span class='ocr_line' id='line_1_41' title="bbox 119 2513 1657 2558; baseline -0.003 -8"><span class='ocrx_word' id='word_1_446' title='bbox 119 2527 163 2550; x_wconf 86' lang='lat'>111</span> <span class='ocrx_word' id='word_1_447' title='bbox 186 2518 260 2550; x_wconf 80' lang='lat'>513.</span> <span class='ocrx_word' id='word_1_448' title='bbox 306 2526 406 2558; x_wconf 88' lang='lat' dir='ltr'>grues</span> <span class='ocrx_word' id='word_1_449' title='bbox 429 2516 612 2557; x_wconf 85' lang='lat' dir='ltr'>Pygmaeis</span> <span class='ocrx_word' id='word_1_450' title='bbox 626 2515 777 2555; x_wconf 84' lang='lat' dir='ltr'>pendula</span> <span class='ocrx_word' id='word_1_451' title='bbox 792 2539 799 2547; x_wconf 87' lang='lat'>.</span> <span class='ocrx_word' id='word_1_452' title='bbox 819 2539 827 2546; x_wconf 96' lang='lat'>.</span> <span class='ocrx_word' id='word_1_453' title='bbox 846 2539 854 2547; x_wconf 94' lang='lat'>.</span> <span class='ocrx_word' id='word_1_454' title='bbox 873 2517 1021 2546; x_wconf 85' lang='lat' dir='ltr'>moturae</span> <span class='ocrx_word' id='word_1_455' title='bbox 1042 2513 1127 2546; x_wconf 84' lang='lat' dir='ltr'>bella</span> <span class='ocrx_word' id='word_1_456' title='bbox 1143 2513 1308 2546; x_wconf 86' lang='lat' dir='ltr'>dicuntur</span> <span class='ocrx_word' id='word_1_457' title='bbox 1330 2514 1448 2547; x_wconf 85' lang='lat' dir='ltr'>Claud.</span> <span class='ocrx_word' id='word_1_458' title='bbox 1470 2514 1547 2546; x_wconf 89' lang='lat' dir='ltr'>bell.</span> <span class='ocrx_word' id='word_1_459' title='bbox 1566 2514 1657 2546; x_wconf 87' lang='lat' dir='ltr'>Gild.</span> 
     </span>
     <span class='ocr_line' id='line_1_42' title="bbox 118 2565 1570 2606; baseline -0.003 -5"><span class='ocrx_word' id='word_1_460' title='bbox 118 2570 185 2602; x_wconf 81' lang='lat'>474</span> <span class='ocrx_word' id='word_1_461' title='bbox 274 2567 337 2599; x_wconf 84' lang='lat'>289</span> <span class='ocrx_word' id='word_1_462' title='bbox 361 2571 488 2599; x_wconf 82' lang='lat' dir='ltr'>fluctus</span> <span class='ocrx_word' id='word_1_463' title='bbox 513 2566 612 2598; x_wconf 91' lang='lat' dir='ltr'>codd.</span> <span class='ocrx_word' id='word_1_464' title='bbox 640 2567 730 2598; x_wconf 87' lang='lat' dir='ltr'>Flor.</span> <span class='ocrx_word' id='word_1_465' title='bbox 757 2569 793 2597; x_wconf 87' lang='lat' dir='ltr'>et</span> <span class='ocrx_word' id='word_1_466' title='bbox 819 2565 931 2602; x_wconf 89' lang='lat' dir='ltr'>Bodl.‚</span> <span class='ocrx_word' id='word_1_467' title='bbox 949 2569 1068 2597; x_wconf 80' lang='lat' dir='ltr'>luctus</span> <span class='ocrx_word' id='word_1_468' title='bbox 1094 2568 1200 2597; x_wconf 84' lang='lat' dir='ltr'>GLM:</span> <span class='ocrx_word' id='word_1_469' title='bbox 1239 2565 1369 2597; x_wconf 87' lang='lat' dir='ltr'>excidit</span> <span class='ocrx_word' id='word_1_470' title='bbox 1397 2575 1418 2597; x_wconf 76' lang='lat' dir='ltr'><strong>F</strong></span> <span class='ocrx_word' id='word_1_471' title='bbox 1441 2568 1520 2606; x_wconf 87' lang='lat' dir='ltr'>post</span> <span class='ocrx_word' id='word_1_472' title='bbox 1547 2575 1570 2597; x_wconf 82' lang='grc' dir='ltr'><strong>Ε</strong></span> 
     </span>
     <span class='ocr_line' id='line_1_43' title="bbox 163 2616 1571 2658; baseline -0.003 -7"><span class='ocrx_word' id='word_1_473' title='bbox 163 2619 228 2651; x_wconf 83' lang='grc'>290</span> <span class='ocrx_word' id='word_1_474' title='bbox 251 2621 347 2651; x_wconf 83' lang='lat' dir='ltr'>natis</span> <span class='ocrx_word' id='word_1_475' title='bbox 370 2622 427 2649; x_wconf 89' lang='lat' dir='ltr'>LM</span> <span class='ocrx_word' id='word_1_476' title='bbox 451 2618 541 2649; x_wconf 86' lang='lat' dir='ltr'>sicut</span> <span class='ocrx_word' id='word_1_477' title='bbox 564 2618 759 2649; x_wconf 83' lang='lat' dir='ltr'>coniecerat</span> <span class='ocrx_word' id='word_1_478' title='bbox 787 2616 948 2658; x_wconf 85' lang='lat' dir='ltr'>Scaliger,</span> <span class='ocrx_word' id='word_1_479' title='bbox 971 2619 1091 2648; x_wconf 75' lang='lat' dir='ltr'>nautis</span> <span class='ocrx_word' id='word_1_480' title='bbox 1114 2616 1189 2652; x_wconf 78' lang='lat' dir='ltr'>GL2,</span> <span class='ocrx_word' id='word_1_481' title='bbox 1214 2620 1290 2648; x_wconf 87' lang='lat' dir='ltr'>nati</span> <span class='ocrx_word' id='word_1_482' title='bbox 1315 2616 1389 2647; x_wconf 87' lang='lat' dir='ltr'>cod.</span> <span class='ocrx_word' id='word_1_483' title='bbox 1418 2617 1571 2648; x_wconf 89' lang='lat' dir='ltr'>Venetus</span> 
     </span>
     <span class='ocr_line' id='line_1_44' title="bbox 164 2667 1659 2710; baseline -0.002 -7"><span class='ocrx_word' id='word_1_484' title='bbox 164 2674 331 2703; x_wconf 83' lang='lat' dir='ltr'>uoluntas</span> <span class='ocrx_word' id='word_1_485' title='bbox 351 2673 409 2701; x_wconf 89' lang='lat' dir='ltr'>LM</span> <span class='ocrx_word' id='word_1_486' title='bbox 429 2672 466 2700; x_wconf 88' lang='lat' dir='ltr'>et</span> <span class='ocrx_word' id='word_1_487' title='bbox 486 2679 548 2710; x_wconf 92' lang='lat' dir='ltr'>pro</span> <span class='ocrx_word' id='word_1_488' title='bbox 569 2679 642 2700; x_wconf 89' lang='lat' dir='ltr'>uar.</span> <span class='ocrx_word' id='word_1_489' title='bbox 666 2679 728 2700; x_wconf 86' lang='lat' dir='ltr'>scr.</span> <span class='ocrx_word' id='word_1_490' title='bbox 754 2670 781 2701; x_wconf 85' lang='lat' dir='ltr'><strong>G</strong></span> <span class='ocrx_word' id='word_1_491' title='bbox 802 2678 893 2699; x_wconf 88' lang='lat' dir='ltr'>man.</span> <span class='ocrx_word' id='word_1_492' title='bbox 921 2669 949 2705; x_wconf 90' lang='lat'>1,</span> <span class='ocrx_word' id='word_1_493' title='bbox 972 2671 1138 2705; x_wconf 78' lang='lat' dir='ltr'>uoluptas</span> <span class='ocrx_word' id='word_1_494' title='bbox 1160 2667 1223 2699; x_wconf 81' lang='lat' dir='ltr'>GL²</span> <span class='ocrx_word' id='word_1_495' title='bbox 1243 2671 1279 2698; x_wconf 85' lang='lat' dir='ltr'>et</span> <span class='ocrx_word' id='word_1_496' title='bbox 1300 2667 1449 2699; x_wconf 84' lang='lat' dir='ltr'>editores</span> <span class='ocrx_word' id='word_1_497' title='bbox 1471 2678 1601 2706; x_wconf 88' lang='lat' dir='ltr'>omnes,</span> <span class='ocrx_word' id='word_1_498' title='bbox 1623 2669 1659 2700; x_wconf 88' lang='lat' dir='ltr'>in</span> 
     </span>
     <span class='ocr_line' id='line_1_45' title="bbox 121 2717 1657 2763; baseline -0.002 -9"><span class='ocrx_word' id='word_1_499' title='bbox 121 2732 192 2763; x_wconf 86' lang='lat' dir='ltr'>qua</span> <span class='ocrx_word' id='word_1_500' title='bbox 213 2722 385 2761; x_wconf 87' lang='lat' dir='ltr'>scriptura</span> <span class='ocrx_word' id='word_1_501' title='bbox 407 2723 452 2751; x_wconf 80' lang='lat' dir='ltr'>est</span> <span class='ocrx_word' id='word_1_502' title='bbox 469 2719 599 2760; x_wconf 87' lang='lat' dir='ltr'>duplici</span> <span class='ocrx_word' id='word_1_503' title='bbox 620 2720 655 2750; x_wconf 89' lang='lat' dir='ltr'>ui</span> <span class='ocrx_word' id='word_1_504' title='bbox 677 2719 887 2755; x_wconf 90' lang='lat' dir='ltr'>adhibitum,</span> <span class='ocrx_word' id='word_1_505' title='bbox 910 2721 951 2750; x_wconf 80' lang='lat' dir='ltr'>ut</span> <span class='ocrx_word' id='word_1_506' title='bbox 972 2721 1052 2760; x_wconf 88' lang='lat' dir='ltr'>post</span> <span class='ocrx_word' id='word_1_507' title='bbox 1069 2717 1252 2758; x_wconf 83' lang='lat' dir='ltr'>fecundum</span> <span class='ocrx_word' id='word_1_508' title='bbox 1273 2728 1376 2758; x_wconf 76' lang='lat' dir='ltr'>qenus</span> <span class='ocrx_word' id='word_1_509' title='bbox 1398 2722 1444 2749; x_wconf 82' lang='lat' dir='ltr'>est</span> <span class='ocrx_word' id='word_1_510' title='bbox 1465 2719 1556 2750; x_wconf 82' lang='lat' dir='ltr'>natis</span> <span class='ocrx_word' id='word_1_511' title='bbox 1578 2720 1657 2759; x_wconf 90' lang='lat' dir='ltr'>(hoc</span> 
     </span>
     <span class='ocr_line' id='line_1_46' title="bbox 120 2769 1661 2813; baseline -0.001 -9"><span class='ocrx_word' id='word_1_512' title='bbox 120 2776 175 2804; x_wconf 88' lang='lat' dir='ltr'>est</span> <span class='ocrx_word' id='word_1_513' title='bbox 193 2771 377 2813; x_wconf 79' lang='lat' dir='ltr'>fecundum</span> <span class='ocrx_word' id='word_1_514' title='bbox 400 2779 502 2811; x_wconf 76' lang='lat' dir='ltr'>qenus</span> <span class='ocrx_word' id='word_1_515' title='bbox 526 2769 656 2810; x_wconf 78' lang='lat' dir='ltr'>habent)</span> <span class='ocrx_word' id='word_1_516' title='bbox 680 2773 847 2811; x_wconf 88' lang='lat' dir='ltr'>sequatur</span> <span class='ocrx_word' id='word_1_517' title='bbox 870 2769 1027 2809; x_wconf 78' lang='lat' dir='ltr'>uoluptas</span> <span class='ocrx_word' id='word_1_518' title='bbox 1050 2769 1141 2800; x_wconf 79' lang='lat' dir='ltr'>natis</span> <span class='ocrx_word' id='word_1_519' title='bbox 1163 2769 1274 2800; x_wconf 86' lang='lat' dir='ltr'>amica</span> <span class='ocrx_word' id='word_1_520' title='bbox 1297 2773 1343 2800; x_wconf 79' lang='lat' dir='ltr'>est</span> <span class='ocrx_word' id='word_1_521' title='bbox 1366 2769 1445 2809; x_wconf 89' lang='lat' dir='ltr'>(hoc</span> <span class='ocrx_word' id='word_1_522' title='bbox 1468 2773 1522 2802; x_wconf 88' lang='lat' dir='ltr'>est</span> <span class='ocrx_word' id='word_1_523' title='bbox 1545 2775 1661 2802; x_wconf 81' lang='lat' dir='ltr'>amant</span> 
     </span>
     <span class='ocr_line' id='line_1_47' title="bbox 122 2820 1662 2863; baseline -0.001 -9"><span class='ocrx_word' id='word_1_524' title='bbox 122 2823 340 2863; x_wconf 76' lang='lat' dir='ltr'>uoluptatem)</span> <span class='ocrx_word' id='word_1_525' title='bbox 358 2832 397 2853; x_wconf 85' lang='lat' dir='ltr'>ac</span> <span class='ocrx_word' id='word_1_526' title='bbox 414 2831 530 2853; x_wconf 89' lang='lat' dir='ltr'>rursus</span> <span class='ocrx_word' id='word_1_527' title='bbox 547 2822 658 2862; x_wconf 90' lang='lat' dir='ltr'>priore</span> <span class='ocrx_word' id='word_1_528' title='bbox 675 2822 809 2852; x_wconf 87' lang='lat' dir='ltr'>ratione</span> <span class='ocrx_word' id='word_1_529' title='bbox 825 2820 959 2852; x_wconf 87' lang='lat' dir='ltr'>dictum</span> <span class='ocrx_word' id='word_1_530' title='bbox 971 2823 999 2851; x_wconf 85' lang='lat' dir='ltr'>et</span> <span class='ocrx_word' id='word_1_531' title='bbox 1014 2820 1131 2851; x_wconf 82' lang='lat' dir='ltr'>celeres</span> <span class='ocrx_word' id='word_1_532' title='bbox 1146 2823 1265 2857; x_wconf 84' lang='lat' dir='ltr'>motus,</span> <span class='ocrx_word' id='word_1_533' title='bbox 1282 2830 1496 2862; x_wconf 80' lang='lat' dir='ltr'>quamquam</span> <span class='ocrx_word' id='word_1_534' title='bbox 1513 2820 1662 2853; x_wconf 82' lang='lat' dir='ltr'>fortasse</span> 
     </span>
     <span class='ocr_line' id='line_1_48' title="bbox 121 2871 1663 2916; baseline -0.001 -10"><span class='ocrx_word' id='word_1_535' title='bbox 121 2875 171 2906; x_wconf 86' lang='lat' dir='ltr'>eis</span> <span class='ocrx_word' id='word_1_536' title='bbox 191 2884 280 2916; x_wconf 82' lang='lat' dir='ltr'>quae</span> <span class='ocrx_word' id='word_1_537' title='bbox 300 2873 345 2904; x_wconf 79' lang='lat' dir='ltr'>ad</span> <span class='ocrx_word' id='word_1_538' title='bbox 364 2882 378 2904; x_wconf 91' lang='lat'>1</span> <span class='ocrx_word' id='word_1_539' title='bbox 397 2873 462 2904; x_wconf 85' lang='lat'>784</span> <span class='ocrx_word' id='word_1_540' title='bbox 481 2875 517 2903; x_wconf 86' lang='lat' dir='ltr'>et</span> <span class='ocrx_word' id='word_1_541' title='bbox 538 2881 565 2903; x_wconf 88' lang='lat'>11</span> <span class='ocrx_word' id='word_1_542' title='bbox 584 2873 648 2904; x_wconf 87' lang='lat'>703</span> <span class='ocrx_word' id='word_1_543' title='bbox 669 2872 773 2903; x_wconf 87' lang='lat' dir='ltr'>attuli</span> <span class='ocrx_word' id='word_1_544' title='bbox 793 2871 931 2903; x_wconf 79' lang='lat' dir='ltr'>defendi</span> <span class='ocrx_word' id='word_1_545' title='bbox 951 2874 1079 2913; x_wconf 85' lang='lat' dir='ltr'>potest,</span> <span class='ocrx_word' id='word_1_546' title='bbox 1100 2874 1219 2903; x_wconf 78' lang='lat' dir='ltr'>tamen</span> <span class='ocrx_word' id='word_1_547' title='bbox 1238 2881 1308 2903; x_wconf 90' lang='lat' dir='ltr'>non</span> <span class='ocrx_word' id='word_1_548' title='bbox 1328 2874 1429 2903; x_wconf 86' lang='lat' dir='ltr'>tanto</span> <span class='ocrx_word' id='word_1_549' title='bbox 1450 2882 1551 2914; x_wconf 89' lang='lat' dir='ltr'>opere</span> <span class='ocrx_word' id='word_1_550' title='bbox 1571 2875 1663 2905; x_wconf 81' lang='lat' dir='ltr'>nitet</span> 
     </span>
    </p>
   </div>
  </div>
 </body>
</html>
