1872 3183
243 129 322 167 100
831 125 893 166 M.
927 124 1180 166 MANILII

404 236 579 278 ultimus
599 241 642 277 et
661 235 749 277 sola
769 249 845 277 uos
864 240 1039 276 tranans
1057 234 1159 276 colit
1178 234 1326 276 Indica
1347 234 1525 290 Ganges,

404 310 555 352 ardent
573 310 803 365 Aethiopes
823 309 996 359 Cancro,
1016 309 1084 351 cui
1103 309 1308 364 plurimus
1327 309 1434 364 ignis
1453 323 1462 352 ε

403 385 482 427 hoc
502 384 614 427 color
633 385 722 440 ipse
742 383 878 426 docet.
936 383 1134 438 Phrygia,
1154 383 1375 433 Nemeaee,
1395 382 1545 438 potiris

244 527 301 558 pp.
329 518 435 549 122-8
458 517 719 549 commemorati
742 516 937 558 Apollinem
960 519 996 548 et
1019 515 1203 548 Herculem
1225 526 1297 548 esse
1320 515 1510 553 uolebant;
1545 514 1637 546 hunc
1660 517 1782 546 autem

236 567 359 609 fratris
390 569 529 600 nomine
562 567 744 610 significari
776 570 916 609 putant,
950 567 1004 598 cui
1037 566 1173 609 Ganges
1205 567 1380 599 subiectus
1412 567 1466 598 sit.
1515 575 1635 598 uerum
1667 574 1781 606 neque

244 618 397 650 eiusdem
417 622 492 650 erat
511 622 635 661 poetae
655 618 850 660 Apollinem
870 621 906 650 et
925 617 1109 659 praeficere
1130 618 1284 650 Geminis
1303 621 1339 649 et
1359 617 1506 650 alterum
1526 627 1569 649 ex
1588 617 1637 648 eis
1655 616 1780 653 facere,

244 680 354 711 neque
384 670 544 702 Manilius
570 669 762 711 Hipparchi
787 673 822 701 et
849 669 1102 711 Aegyptiorum
1127 669 1285 711 exemplo
1311 670 1407 711 signa
1433 671 1513 701 κατὰ
1545 670 1643 710 μέροσ
1668 667 1782 699 diuisa

245 724 356 752 terrae
378 721 573 763 regionibus
595 721 769 758 attribuit,
791 731 834 752 ne
857 721 970 752 Pisces
992 720 1131 762 quidem
1154 721 1284 762 pariter
1304 721 1457 762 geminos
1478 723 1514 752 et
1535 719 1669 761 longius
1690 719 1782 750 inter

242 783 279 804 se
313 773 482 805 distantes
571 783 635 806 uos
668 776 807 806 thracia
817 772 848 810 *‚
881 776 1021 806 thracia.
1055 774 1142 813 (post
1178 772 1324 804 Thracia
1342 771 1496 813 fratrem)
1521 771 1592 803 iam
1626 770 1780 812 Hen'nga

242 824 315 856 obs.
338 825 412 856 crit.
436 835 468 866 p.
492 826 545 863 75,
560 829 641 858 bost
660 828 808 858 hraehia
824 828 871 862 M,
887 829 969 863 post
985 827 1130 857 brachia.
1147 828 1196 856 GL
1285 827 1417 857 fratres
1428 823 1457 861 *,
1472 826 1596 857 fratris
1613 822 1692 854 libri

289 875 383 908 Vett.
403 876 477 907 Val.
497 886 530 917 p.
551 877 571 908 8
591 877 694 908 19-21
715 879 783 908 ἔστι
800 878 834 908 δὲ
857 878 1011 914 Διδύμοιο-
1035 876 1279 916 ὑποτεταγμένα
1297 878 1437 915 κλίματα
1453 877 1541 907 τάδε·
1575 898 1582 906 .
1603 898 1610 906 .
1630 898 1638 905 .
1658 875 1784 913 στῆθοσ·

242 951 253 960 .
271 952 280 961 .
299 951 309 961 .
328 928 448 969 Θρᾴκη,
478 927 590 969 Heph.
620 927 726 960 Theb.
749 936 762 959 Ι
790 929 804 959 l
832 937 865 968 Ρ.
888 928 931 959 50
956 927 998 959 30
1023 937 1073 968 sq.
1095 927 1140 968 τῷ
1160 929 1216 966 μὲν
1237 929 1350 968 βορείῳ
1370 929 1515 965 Διδύμων
1537 928 1700 959 ὑπόκειται
1718 949 1726 956 .
1747 949 1754 956 .
1774 949 1784 956 .

243 981 331 1020 παρὰ
342 982 401 1018 τὴν
412 982 504 1021 χεῖρα
516 979 635 1020 Θρᾴκη.
676 979 718 1010 de
729 978 894 1010 Thraciae
905 979 1044 1010 nomine
1055 978 1127 1010 dixi
1139 977 1183 1009 ad
1194 987 1208 1009 1
1218 978 1293 1010 769.
1335 980 1457 1009 neuter
1468 977 1692 1010 Geminorum
1702 978 1785 1018 post

243 1030 389 1061 alterius
409 1030 569 1062 bracchia
586 1030 720 1072 positus
738 1032 801 1067 est,
820 1029 873 1061 his
890 1030 981 1060 enim
1000 1029 1177 1061 coniuncta
1193 1032 1327 1060 manent
1343 1029 1468 1060 alterno
1490 1027 1642 1060 bracchia
1653 1037 1741 1060 nexu
1755 1035 1785 1058 11

246 1081 310 1112 164
325 1093 333 1119 ;
363 1091 475 1122 neque
489 1082 598 1122 magis
611 1084 674 1112 aut
687 1080 820 1112 Pontus
838 1084 900 1112 aut
917 1080 1053 1122 Ganges
1142 1081 1204 1113 757
1225 1085 1301 1113 sola
1314 1090 1377 1113 uos
1390 1085 1540 1113 tranans
1561 1084 1646 1113 colit
1664 1082 1783 1111 indica.

240 1142 378 1172 ganges
389 1132 406 1152 *
424 1134 434 1173 (
447 1137 624 1166 :solduos
636 1137 738 1165 trans
751 1136 836 1165 colit
847 1135 965 1164 indica
980 1134 1130 1174 cancer),
1145 1135 1275 1164 solidos
1289 1142 1422 1172 ganges
1435 1136 1472 1164 et
1483 1135 1670 1164 transcolit
1685 1134 1785 1163 india

243 1194 369 1217 cancer
386 1184 473 1216 libri.
522 1187 550 1216 et
563 1193 785 1216 numerorum
799 1194 903 1215 causa
915 1185 1083 1215 insertum
1097 1187 1160 1221 est,
1179 1194 1265 1225 quos
1279 1194 1396 1215 rursus
1413 1183 1650 1225 pessumdedit
1667 1182 1781 1214 medio

245 1237 359 1267 uersui
379 1235 514 1267 illatum
534 1236 628 1277 quod
647 1239 738 1267 recte
758 1236 904 1277 margini
923 1235 1137 1277 adscriptum
1155 1239 1231 1267 erat
1248 1245 1377 1276 ganges,
1425 1245 1507 1267 nare
1527 1235 1638 1266 amnis
1656 1233 1785 1265 dicitur

246 1287 332 1318 Hor.
356 1297 459 1318 carm.
480 1296 523 1318 111
547 1288 586 1319 17
610 1288 629 1319 7
651 1297 701 1329 sq.
721 1287 895 1318 innantem
912 1286 1066 1318 Maricae
1088 1285 1092 1330 Ι
1112 1286 1264 1319 litoribus
1281 1311 1287 1318 .
1307 1311 1315 1318 .
1334 1311 1342 1318 .
1360 1286 1488 1325 Lirim3
1523 1286 1670 1318 fortasse
1691 1285 1784 1316 tanti

245 1341 301 1370 est
317 1338 451 1370 adicere
468 1338 533 1371 Cic.
552 1348 614 1380 pro
632 1338 729 1370 Balb.
752 1339 791 1370 13
807 1339 878 1370 sola
893 1341 1054 1370 terrarum
1069 1338 1264 1370 ultimarum
1278 1341 1314 1370 et
1330 1337 1430 1370 Ouid.
1449 1340 1530 1369 met.
1548 1346 1587 1369 IV
1602 1338 1642 1368 21
1660 1336 1786 1368 decolor

246 1393 386 1422 extremo
407 1400 475 1430 qua
494 1390 658 1430 tinquitur
682 1389 788 1421 India
809 1389 929 1430 Ganqe.
978 1390 1132 1431 priorum
1149 1390 1361 1421 mutationes
1379 1389 1502 1421 referre
1524 1398 1594 1421 non
1616 1388 1781 1428 sustineo,

246 1441 335 1473 adeo
351 1452 469 1473 omnes
485 1445 547 1473 aut
562 1441 736 1473 uiolentae
752 1444 814 1472 aut
828 1451 1008 1483 peruersae
1020 1444 1113 1479 sunt,
1130 1441 1226 1473 uelut
1242 1441 1335 1482 quod
1350 1441 1628 1482 Regiomontano
1644 1442 1784 1471 auctore

249 1492 351 1524 multi
367 1492 538 1524 dederunt
553 1493 629 1524 colit
647 1492 752 1524 India
768 1493 936 1524 Cancrum
952 1492 994 1523 de
1010 1493 1206 1533 insequenti
1222 1502 1323 1524 uersu
1339 1493 1448 1523 securi
1461 1504 1468 1523 ε
1491 1491 1577 1523 illud
1590 1501 1660 1522 non
1676 1490 1785 1522 debeo

247 1544 401 1582 reticere,
422 1545 491 1576 iam
513 1544 759 1586 Rossbergium
780 1543 894 1575 Fleck.
917 1543 1030 1575 annal.
1053 1544 1120 1575 uol.
1146 1544 1208 1576 139
1228 1554 1260 1585 p.
1283 1544 1347 1575 712
1367 1544 1402 1574 in
1422 1543 1480 1575 illo
1500 1553 1615 1574 cancer
1634 1541 1785 1584 aliquem

246 1596 321 1627 eius
347 1595 441 1636 quod
466 1598 519 1627 est
544 1595 673 1635 Ganqes
697 1605 816 1626 casum
843 1595 1034 1636 agnouisse,
1053 1595 1214 1635 quamuis
1241 1594 1388 1626 absurde
1415 1595 1488 1635 ipse
1513 1594 1687 1635 scripserit
1711 1593 1789 1625 colit

252 1646 358 1678 India
387 1647 534 1686 Ganqen,
566 1645 709 1688 proinde
741 1646 839 1687 quasi
869 1645 1004 1687 Ganges
1035 1645 1129 1677 sidus
1159 1646 1205 1677 sit
1234 1646 1325 1677 inter
1355 1645 1517 1678 Geminos
1547 1644 1788 1686 Cancrumque

246 1698 456 1730 collocatum
547 1697 640 1729 Vett.
657 1697 731 1729 Val.
748 1708 780 1739 p.
798 1698 817 1728 8
834 1698 873 1729 19
887 1707 936 1738 sq.
954 1700 1106 1736 Διδύμοισ
1123 1699 1365 1737 ὑποτεταγμένα
1382 1699 1530 1735 κλίματα.
1550 1720 1558 1728 .
1579 1720 1586 1727 .
1607 1698 1787 1737 έμπρόσθια

249 1751 371 1789 Ἰνδικὴ
387 1752 438 1782 καὶ
456 1752 483 1782 οἱ
500 1752 651 1790 συνεχεῖο·
666 1751 770 1788 τόποι,
792 1748 905 1789 Heph.
931 1748 1037 1780 Theb.
1055 1757 1069 1779 Ι
1087 1750 1102 1780 1
1120 1759 1152 1789 Ρ.
1171 1750 1210 1780 51
1231 1749 1245 1779 l
1264 1758 1313 1789 sq.
1331 1751 1386 1780 τοῦ
1408 1751 1512 1780 νοτίου
1529 1750 1701 1788 (Διδύμων)
1720 1772 1728 1779 .
1749 1772 1756 1779 .
1777 1773 1785 1779 .

249 1804 331 1833 κατὰ
347 1803 406 1840 τὴν
422 1803 561 1842 κορυφὴν
579 1802 707 1839 Ἰνδική,
728 1799 890 1832 C.C.A.G.
910 1808 977 1831 VIII
993 1800 1028 1831 iii
1046 1810 1078 1841 Ρ.
1104 1800 1166 1832 190
1189 1800 1208 1831 3
1232 1809 1281 1840 Sq-
1299 1802 1509 1832 ὑποτέτακται
1527 1823 1535 1831 .
1555 1823 1562 1831 .
1582 1823 1590 1831 .
1608 1802 1790 1841 ἀριστεροΐσ

249 1855 270 1891 ἡ
284 1853 403 1891 Ἰνδική
493 1852 555 1884 758
570 1851 767 1884 Dorotheus
782 1861 835 1892 ap.
852 1851 965 1893 Heph.
986 1860 999 1882 Ι
1019 1852 1034 1883 l
1055 1862 1087 1892 Ρ.
1108 1852 1150 1882 52
1176 1851 1216 1883 12
1239 1851 1283 1892 τῷ
1302 1852 1328 1884 δ’
1348 1854 1408 1884 ὑπὸ
1426 1875 1433 1883 .
1454 1875 1461 1883 .
1482 1875 1489 1883 .
1509 1853 1669 1883 Αἰθιόπων
1686 1853 1786 1891 κλίμα

252 1906 365 1941 κεῖται,
379 1903 473 1935 vett.
488 1902 563 1934 Val.
579 1913 612 1944 Ρ.
628 1903 648 1934 9
666 1904 685 1934 7
700 1912 750 1943 sq.
764 1906 832 1935 ἔστι
847 1903 891 1943 τῷ
903 1905 1051 1944 Καρκίνῳ
1067 1905 1310 1943 ὑποτεταγμένα
1329 1926 1335 1933 .
1357 1926 1364 1933 .
1385 1926 1393 1934 .
1412 1904 1544 1934 ὀπίσθια
1555 1904 1707 1934 Αἰθιοπία

297 1954 382 1986 nihil
406 1954 450 1986 ad
474 1954 665 1996 Aethiopas
689 1955 859 1996 pertinere
884 1954 978 1996 quod
1002 1954 1071 1986 sole
1095 1954 1264 1986 Cancrum
1285 1956 1426 1985 tenente
1446 1954 1573 1986 nostris
1593 1953 1788 1995 regionibus

251 2010 366 2038 aestas
384 2007 429 2038 sit
451 2009 543 2038 recte
569 2006 754 2038 adnotauit
779 2005 896 2047 Fayus
985 2006 1048 2038 759
1065 2016 1228 2038 nemeaee
1254 2005 1306 2037 ed.
1335 2006 1567 2046 quaternaria,
1586 2015 1728 2038 nemeae
1752 2009 1788 2043 L,

251 2068 373 2091 nemee
406 2062 466 2090 GM
558 2057 715 2098 Phryqia.
764 2057 909 2088 Doroth.
950 2067 1004 2098 ap.
1040 2057 1153 2098 Heph.
1177 2066 1190 2088 1
1212 2058 1227 2088 1
1250 2067 1283 2098 p.
1306 2058 1349 2088 54
1369 2058 1389 2088 5
1409 2057 1454 2097 τῷ
1483 2057 1509 2088 δ’
1543 2059 1704 2090 ὑπόκειται
1723 2083 1730 2090 .
1751 2082 1758 2089 .
1781 2083 1788 2089 .

253 2112 386 2151 Φρυγίη,
405 2109 499 2141 Vett.
519 2109 593 2141 Val.
615 2120 648 2151 Ρ.
673 2110 713 2141 10
739 2110 759 2141 8
783 2111 814 2141 ἐν
840 2111 911 2141 τοῖσ
936 2112 1049 2147 μέσοισ
1074 2111 1207 2150 Φρυγία,
1234 2108 1347 2150 Heph.
1375 2119 1408 2150 Ρ.
1436 2110 1479 2140 54
1504 2109 1525 2141 9
1545 2111 1627 2149 πρὸσ
1652 2109 1692 2149 τῇ
1715 2109 1790 2150 οὐρᾷ

253 2164 376 2203 Φρυγία
466 2164 593 2201 potiris
607 2161 656 2198 1.²,
670 2164 778 2200 potiri
791 2164 885 2193 GLM.
934 2161 1073 2193 Seruius
1091 2161 1175 2192 Aen.
1195 2169 1238 2192 m
1252 2161 1295 2192 56
1309 2160 1366 2191 hoc
1379 2160 1516 2192 uerbum
1529 2161 1568 2192 de
1581 2160 1634 2192 his
1649 2163 1694 2192 est
1707 2171 1790 2201 quae

254 2214 453 2254 permiscent
474 2213 724 2254 coniuqationes
739 2224 750 2249 ,·
773 2222 848 2244 cum
871 2213 959 2244 enim
981 2213 1025 2244 sit
1046 2212 1160 2244 tertiae
1180 2212 1437 2252 coniuqationis,
1460 2212 1634 2253 infinitum
1655 2212 1791 2244 modum

255 2276 278 2297 a
303 2268 422 2306 quarta
442 2264 540 2306 facit,
567 2267 604 2295 ut
632 2263 780 2304 ‘potiri’
798 2278 808 2301 ,>
849 2264 939 2296 unde
962 2264 1112 2304 plerique
1138 2263 1363 2304 decipiuntur,
1390 2266 1427 2294 ut
1454 2262 1636 2304 ‘jpotiris'
1665 2264 1788 2295 dicant.

256 2319 380 2347 contra
400 2315 534 2347 Phocas
554 2314 685 2347 G.L.K.
708 2324 731 2346 v
751 2325 784 2356 p.
801 2315 867 2347 438
887 2318 965 2346 sunt
977 2315 1139 2355 quaedam
1153 2314 1352 2355 deponentia
1371 2314 1513 2346 incertae
1531 2314 1791 2355 coniuqationis,

256 2367 335 2399 haec
361 2367 443 2404 sola,
473 2366 605 2398 ‘orior'
635 2366 763 2407 ‘potior
775 2366 794 2398 '.
838 2377 918 2398 narn
947 2366 986 2397 in
1013 2366 1179 2398 secunda
1209 2375 1372 2406 persona
1399 2365 1548 2397 numeri
1577 2366 1793 2406 sinqularis

255 2419 372 2450 tertiae
391 2418 570 2459 productae
587 2421 676 2455 sunt,
695 2417 753 2449 hoc
778 2421 824 2449 est
846 2421 1005 2459 quartae
1029 2417 1331 2458 coniuqationis,
1351 2420 1378 2448 et
1400 2417 1439 2448 in
1458 2417 1629 2457 praesenti
1649 2420 1793 2458 tempore

258 2470 389 2512 infiniti
411 2470 502 2502 modi
517 2480 529 2507 ,·
566 2469 574 2482 ‘
589 2470 690 2501 oriris
704 2469 712 2482 ’
739 2470 828 2501 enim
852 2473 880 2500 et
906 2469 914 2482 ‘
925 2468 1090 2509 potiris'
1110 2472 1138 2501 et
1160 2470 1238 2500 item
1264 2468 1271 2481 ‘
1285 2469 1368 2500 oriri
1383 2468 1391 2481 '
1417 2472 1444 2500 et
1470 2468 1610 2508 ‘potiri’
1635 2469 1791 2506 dicimus,

258 2522 387 2562 reliqua
400 2521 443 2553 ad
455 2520 640 2561 exemplum
653 2520 766 2552 tertiae
777 2523 941 2561 correptae
952 2521 1172 2557 declinantur,
1185 2530 1334 2561 quocum
1347 2519 1389 2551 de
1399 2520 1522 2560 potiris
1531 2519 1646 2551 forma
1659 2519 1796 2551 faciunt

259 2573 394 2605 Probus
411 2572 494 2604 ibid.
515 2581 552 2603 1v
569 2583 602 2614 p.
626 2572 688 2603 182
706 2575 742 2603 et
760 2572 956 2603 Priscianus
974 2581 1003 2603 11
1020 2582 1052 2613 p.
1074 2572 1126 2603 84.
1175 2581 1252 2603 eam
1265 2571 1432 2602 exhibent
1446 2571 1646 2612 Symmachi
1659 2571 1794 2603 codices

256 2635 312 2666 ep.
340 2633 354 2656 1
383 2624 423 2656 18
446 2624 569 2664 potiris
595 2623 709 2655 merito
735 2633 867 2654 summa
893 2623 1033 2660 iudicia,
1057 2623 1180 2654 tertiae
1204 2623 1457 2664 conjugationis
1482 2623 1592 2664 figura
1619 2632 1793 2664 nusquam

260 2675 450 2717 reperitur;
488 2677 523 2706 et
546 2674 646 2706 facile
670 2673 882 2716 intellegitur
906 2684 1024 2715 quare,
1048 2684 1127 2705 cum
1151 2677 1254 2705 oreris
1277 2673 1432 2705 dicerent
1456 2674 1564 2714 (quod
1589 2673 1689 2706 Ouid.
1709 2677 1792 2705 met.

257 2736 283 2758 x
312 2727 375 2758 166
401 2729 512 2757 metro
538 2725 798 2767 comprobatur,
825 2725 1030 2767 repudiatur
1055 2725 1155 2756 oriris
1179 2725 1274 2756 Varr.
1303 2735 1357 2766 ap.
1385 2725 1474 2757 Non.
1503 2736 1535 2766 p.
1556 2726 1646 2764 351),
1669 2726 1797 2765 poteris

261 2782 379 2809 tamen
398 2788 418 2808 a
434 2777 601 2819 potiendo
618 2777 755 2809 flectere
767 2777 951 2808 noluerint.
1003 2777 1179 2808 Breiterus
1192 2780 1227 2808 et
1239 2777 1293 2808 hic
1309 2777 1414 2817 potiri
1429 2780 1466 2808 et
1482 2786 1583 2808 uersu
1600 2777 1797 2816 insequenti

258 2839 340 2861 cum
363 2828 492 2860 Iacobo
515 2829 766 2870 interpretatus
783 2828 906 2870 ferocis
929 2829 1085 2866 retinuit,
1105 2831 1145 2860 ut
1169 2828 1252 2860 ordo
1270 2831 1360 2860 esset
1376 2827 1500 2869 ferocis
1519 2828 1625 2868 potiri
1647 2827 1799 2868 Pliryqia
