1872 3183
176 154 231 192 22
764 150 826 191 Μ.
859 149 1112 192 MANILII

217 269 282 301 165
337 262 405 303 ille
423 266 555 304 tenax
573 261 704 303 animi
723 260 944 315 nullosque
964 260 1121 302 effusus
1140 260 1184 302 in
1204 274 1304 302 usus

338 336 537 378 attribuit
555 335 695 378 uarios
715 340 916 390 quaestus
936 339 1158 390 artemque
1177 334 1389 377 lucrorum
1409 349 1417 377 :

337 425 473 453 merce
491 410 709 466 peregrina
727 409 946 452 fortunam
965 409 1072 451 ferre
1091 424 1165 465 per
1184 409 1310 451 urbes

337 491 380 527 et
399 485 544 540 grauia
563 499 756 526 annonae
776 484 1066 539 speculantem
1085 483 1279 526 incendia
1299 483 1439 526 uentis

335 560 501 602 credere
521 573 621 615 opes
641 559 837 614 orbisque
858 558 949 600 orbi
968 558 1081 600 bona
1101 558 1282 600 uendere
1302 573 1424 614 posse

212 642 277 674 170
333 639 485 689 totque
504 648 578 689 per
597 634 765 689 ignotas
783 633 1035 676 commercia
1055 633 1225 688 iungere
1244 638 1377 675 terras

333 714 463 764 atque
483 708 565 750 alio
585 708 665 750 sub
685 707 771 750 sole
789 722 923 750 nouas
944 708 1161 763 exquirere
1180 707 1359 763 praedas

332 789 375 825 et
393 797 533 825 rerum
552 782 689 838 pretio
709 782 872 825 subitos
891 796 1142 838 componere
1161 797 1323 824 census.

330 858 484 913 ignaua
504 863 560 908 et,
581 857 723 900 celeris
744 857 933 913 optando
954 857 1138 899 sortibus
1159 871 1306 904 annos,

167 1011 309 1053 reflectit,
322 1011 394 1044 dies
405 1023 514 1054 usque
525 1012 571 1044 ad
582 1013 772 1044 solstitium
788 1015 909 1044 auctos
920 1013 1074 1044 minuere
1085 1012 1218 1053 incipit,
1231 1011 1325 1052 quod
1337 1011 1382 1043 ob
1393 1011 1552 1053 Pingraei
1562 1021 1713 1043 errorem

166 1063 352 1095 dicendum
386 1067 440 1095 est
531 1064 591 1095 165
626 1066 736 1102 tenax,
765 1066 976 1105 περιεκτικὸσ,
1004 1066 1153 1103 σκνιφὸσ,
1192 1064 1353 1102 φειδωλόσ
1385 1063 1560 1104 glossaria.
1599 1062 1713 1093 animi

167 1118 286 1147 autem
307 1126 377 1147 non
399 1116 525 1148 obiecti
546 1116 728 1157 genetiuus
749 1118 813 1154 est,
835 1116 895 1157 qui
917 1115 1091 1147 adiectiua
1111 1115 1147 1146 in
1170 1125 1226 1146 -ax
1246 1114 1411 1146 exeuntia
1431 1114 1591 1146 comitari
1611 1114 1712 1151 solet,

166 1167 264 1198 uelut
285 1166 386 1199 Ouid.
410 1170 491 1199 met.
515 1176 569 1199 VII
589 1168 653 1199 656
674 1177 724 1208 sq.
744 1176 887 1208 parcum
907 1177 1010 1207 qenus
1031 1169 1076 1198 est
1093 1166 1291 1207 patiensque
1311 1165 1461 1197 laborum
1482 1164 1487 1209 Ι
1505 1165 1713 1206 quaesitique

165 1222 274 1256 tenax,
295 1218 354 1250 sed
373 1219 420 1250 sic
439 1219 583 1261 ponitur
601 1221 642 1250 ut
660 1219 760 1260 Verg.
781 1218 866 1250 Aen.
887 1227 926 1250 D(
946 1219 1010 1250 685
1026 1227 1186 1259 praeceps
1205 1217 1336 1249 animi:
1369 1219 1461 1248 recte
1480 1217 1632 1249 Huetius
1653 1216 1712 1248 ‘id

164 1273 219 1301 est
250 1270 365 1302 animo
382 1294 389 1302 .
409 1294 416 1302 .
437 1294 444 1301 .
463 1273 504 1301 ut
537 1271 659 1311 inteqer
690 1270 812 1302 uitae'.
861 1273 1015 1302 ceterum
1045 1273 1143 1301 tenax
1172 1268 1386 1301 adiectiuum
1414 1278 1539 1300 cancro
1569 1268 1712 1300 animali

162 1322 347 1353 conuenire
368 1321 593 1354 manifestum
613 1325 678 1360 est,
699 1323 754 1353 cui
774 1324 858 1354 sunt
877 1321 958 1353 bina
978 1321 1130 1352 bracchia
1149 1320 1362 1352 denticulatis
1375 1319 1576 1361 forcipibus,
1598 1323 1639 1352 ut
1659 1321 1711 1352 ait

165 1373 298 1405 Plinius
319 1373 389 1405 n.h.
414 1382 453 1405 IX
474 1374 516 1406 97
609 1373 737 1415 effusus
758 1374 797 1404 in
817 1383 911 1411 usus,
935 1382 978 1405 111
1005 1374 1068 1405 669
1094 1382 1235 1404 uersura
1256 1372 1399 1413 fiquraS,
1422 1371 1522 1413 Verg.
1546 1371 1631 1403 Aen.
1653 1380 1709 1403 XII

165 1426 231 1457 204
249 1425 398 1467 effundat
415 1426 454 1457 in
470 1426 581 1457 undas
673 1426 733 1457 167
751 1426 934 1467 pecuniam
952 1426 988 1456 in
1006 1424 1177 1456 mercibus
1194 1424 1382 1466 peregrinis
1398 1423 1565 1456 collocare
1582 1433 1710 1465 easque

163 1487 225 1518 per
236 1477 338 1509 urbes
349 1476 570 1509 circumferre
663 1477 723 1508 168
739 1477 859 1517 qrauia
870 1486 1025 1508 annonae
1036 1475 1204 1513 incendia,
1216 1485 1331 1507 rerum
1342 1475 1536 1507 caritatem.
1587 1475 1706 1513 Quint.

162 1528 248 1559 decl.
271 1537 326 1560 XII
347 1530 368 1559 4
391 1528 501 1566 etiam,
524 1528 556 1559 si
576 1527 659 1569 quid
679 1528 808 1559 residui
827 1531 905 1566 erat,
928 1531 964 1558 ut
985 1527 1099 1559 carius
1119 1527 1258 1568 quidam
1279 1526 1467 1564 uenderent,
1490 1526 1534 1557 ad
1554 1536 1711 1558 annonae

162 1579 357 1611 incendium
377 1590 596 1620 suppressum
617 1583 673 1617 est,
695 1579 793 1611 Varr.
816 1590 874 1611 r.r.
897 1588 941 1610 111
961 1580 981 1610 2
1005 1580 1045 1610 16
1066 1578 1275 1618 colleqiorum
1302 1587 1410 1615 cenae,
1431 1587 1515 1618 quae
1539 1587 1630 1609 nunc
1655 1578 1709 1609 in-

162 1631 385 1663 numerabiles
422 1630 695 1672 excandefaciunt
731 1640 904 1662 annonam
941 1630 1071 1662 macelli
1088 1654 1095 1662 .
1115 1654 1122 1661 .
1142 1654 1149 1662 .
1169 1629 1305 1669 colleqia
1341 1639 1409 1660 non
1446 1629 1589 1669 epulari,
1625 1639 1712 1670 quae

161 1683 296 1723 (cenae)
309 1692 399 1714 nunc
416 1682 678 1714 innumerabiles
695 1682 877 1713 incendunt
894 1691 1077 1719 annonam,
1090 1681 1174 1713 Vell.
1191 1690 1219 1712 11
1237 1682 1277 1712 77
1300 1682 1314 1712 1
1332 1680 1466 1721 populi,
1480 1690 1576 1721 quem
1593 1680 1710 1720 qrauis

161 1734 274 1766 urebat
302 1733 422 1775 infesto
451 1735 539 1766 mari
567 1744 726 1766 annona:
760 1734 916 1765 eiusdem
946 1733 1041 1765 modi
1070 1735 1124 1764 est
1153 1732 1247 1764 Suet.
1278 1732 1353 1764 Tib.
1385 1733 1428 1764 34
1458 1731 1710 1764 Corinthiorum

160 1795 321 1816 uasorum
352 1785 463 1825 pretia
498 1785 535 1816 in
570 1785 772 1817 immensum
807 1785 978 1816 exarsisse.
1028 1784 1113 1815 haec
1148 1784 1254 1825 igitur
1288 1782 1449 1814 incendia
1483 1782 1711 1824 speculantur

161 1839 408 1878 σιτομεταβόλοι
445 1837 517 1868 siue
548 1836 759 1874 dardanarii,
795 1836 939 1878 Anglice
970 1835 1195 1878 ‘regraters’‚
1222 1834 1264 1866 de
1289 1834 1415 1876 quibus
1440 1834 1610 1876 leianus
1639 1834 1707 1876 dig.

159 1897 262 1920 XLVI]
292 1889 329 1921 11
361 1889 380 1920 6
409 1898 581 1920 annonam
608 1887 812 1929 adtemptare
840 1891 868 1919 et
895 1897 1015 1919 uexare
1043 1886 1097 1918 uel
1124 1886 1269 1918 maxime
1296 1886 1496 1918 dardanarii
1523 1885 1651 1917 solent.
1671 1910 1678 1917 .
1699 1910 1706 1916 .

160 1939 289 1971 debebis
312 1939 486 1977 custodire,
511 1949 552 1970 ne
576 1939 776 1971 dardanarii
799 1938 905 1970 ullius
928 1938 1046 1970 mercis
1070 1938 1149 1976 sint,
1174 1948 1215 1969 ne
1239 1940 1297 1969 aut
1320 1937 1361 1968 ab
1385 1937 1438 1968 his
1460 1937 1520 1977 qui
1543 1939 1710 1978 coemptas

161 2001 282 2022 merces
303 1991 534 2032 supprimunt,
556 1993 614 2022 aut
635 2001 657 2021 a
678 1990 946 2031 locupletioribus
966 1990 1025 2031 qui
1041 1989 1174 2031 fructus
1195 1999 1273 2020 suos
1294 1989 1409 2029 aequis
1426 1988 1548 2029 pretiis
1568 1988 1709 2020 uendere

161 2043 296 2081 nollent,
316 2043 396 2075 dum
415 2043 531 2074 minus
548 2042 662 2073 uberes
677 2045 863 2083 prouentus
881 2044 1079 2083 exspectant,
1099 2051 1237 2072 annona
1255 2043 1404 2072 oneretur
1420 2053 1427 2072 :
1460 2039 1549 2071 adde
1568 2040 1643 2072 Cat.
1664 2040 1708 2071 de

162 2105 232 2136 agr.
256 2095 276 2126 3
297 2095 317 2125 2
337 2094 508 2126 caritatem
529 2097 706 2135 expectare,
728 2094 795 2126 Cic.
818 2093 861 2125 de
882 2093 973 2125 dom.
999 2094 1040 2125 18
1060 2102 1136 2124 cum
1156 2092 1199 2124 ad
1219 2101 1356 2124 causam
1376 2091 1527 2123 caritatis
1546 2091 1708 2123 accederet

159 2147 221 2177 iste
240 2145 425 2186 speculator
442 2145 671 2177 communium
695 2145 909 2176 miseriarum
1001 2144 1062 2176 169
1082 2154 1165 2183 opes
1184 2147 1244 2181 GL,
1264 2153 1351 2182 opus
1371 2147 1404 2174 M
1494 2143 1555 2184 qui
1573 2142 1708 2184 orbique

159 2197 248 2229 orbis
268 2198 423 2238 reposuit
443 2200 550 2238 atque
571 2196 657 2229 adeo
677 2196 807 2228 Iacobo
827 2196 992 2238 probauit
1013 2195 1191 2227 Bentleius
1216 2205 1287 2226 non
1314 2194 1436 2226 debuit
1461 2194 1636 2226 intactum
1655 2204 1707 2226 re-

158 2249 315 2290 linquere
344 2257 357 2280 1
387 2249 452 2281 370
480 2248 564 2280 caeli
593 2248 720 2280 caelum
749 2247 892 2279 mercede
920 2247 1079 2288 rependit.
1128 2246 1222 2288 quod
1252 2249 1370 2277 autem
1400 2248 1436 2277 et
1465 2245 1641 2277 Breiterus
1671 2249 1708 2276 et

161 2300 437 2342 Wageningenus
450 2309 528 2331 eam
541 2299 728 2341 Lipsiensis
741 2299 924 2331 lectionem
937 2309 1010 2330 esse
1023 2301 1212 2335 testantur,
1226 2297 1290 2328 hoc
1304 2307 1423 2328 eorum
1436 2296 1516 2328 fidei
1529 2297 1704 2338 specimen

160 2355 236 2383 esto
252 2363 260 2389 ;
294 2361 442 2392 quorum
463 2351 551 2383 alter
569 2351 686 2383 hebeti
705 2351 884 2382 oculorum
904 2351 976 2382 acie
995 2353 1031 2381 et
1050 2349 1178 2390 ingenii
1197 2348 1354 2380 socordia
1372 2347 1569 2389 prohibitus
1588 2350 1642 2379 est
1660 2357 1705 2380 ne

161 2406 225 2434 aut
243 2403 335 2434 hunc
354 2406 417 2434 aut
435 2402 544 2434 ullum
564 2401 718 2434 codicem
736 2401 891 2434 conferre
910 2404 1038 2443 posset,
1059 2401 1146 2432 alter
1165 2403 1205 2431 ut
1225 2400 1289 2431 hoc
1307 2400 1359 2430 ita
1377 2399 1496 2431 multis
1513 2398 1597 2430 locis
1615 2398 1706 2430 falsa

161 2454 307 2486 Breiteri
325 2454 528 2485 testimonia
540 2454 733 2485 exscribere
747 2453 872 2485 maluit
889 2463 995 2494 quam
1009 2453 1123 2494 ipsum
1142 2451 1269 2483 librum
1287 2461 1350 2482 sua
1368 2461 1474 2482 causa
1491 2450 1705 2492 Groningam

161 2506 305 2537 missum
327 2505 494 2547 inspicere
586 2505 648 2537 170
670 2505 866 2536 commercia
887 2505 1022 2545 iunqere
1044 2513 1073 2535 11
1095 2504 1172 2540 382,
1195 2511 1233 2534 1v
1256 2503 1332 2540 296,
1356 2502 1460 2533 Prisc.
1485 2502 1610 2543 perieg.
1637 2502 1702 2534 849

159 2556 346 2588 disiunctas
361 2559 469 2597 yentes
481 2556 661 2588 docuerunt
676 2556 811 2596 iunqere
822 2565 958 2587 mercem
1049 2555 1111 2586 173
1123 2554 1276 2592 ignaua*
1289 2555 1300 2594 (
1312 2554 1536 2593 :nau-ig-a),
1552 2555 1704 2591 nauigat

157 2607 237 2640 libri
253 2620 260 2640 :
292 2607 372 2639 uide
390 2607 449 2639 lib.
469 2616 483 2639 1
501 2607 608 2649 praef.
629 2618 687 2649 pp.
707 2607 768 2638 lvii
788 2617 838 2648 sq.
859 2610 896 2638 et
914 2608 1044 2638 octauat
1061 2606 1097 2637 in
1116 2609 1141 2637 G
1159 2605 1327 2646 scriptum
1346 2615 1409 2645 pro
1427 2607 1546 2635 octaua
1562 2612 1607 2635 ΠΙ
1624 2604 1700 2635 680.

160 2659 323 2700 nauigare
340 2659 472 2691 Cancro
488 2661 612 2690 natum
635 2658 720 2690 lucri
743 2668 849 2690 causa
869 2668 951 2689 sane
968 2656 1129 2688 credibile
1145 2659 1199 2688 est
1216 2655 1328 2697 (uelut
1344 2656 1473 2688 Seneca
1488 2665 1558 2695 n.q.
1577 2663 1607 2686 Π
1622 2655 1665 2687 38
1681 2655 1703 2686 2

162 2709 214 2740 bic
232 2710 327 2741 diues
345 2710 416 2748 erit,
435 2710 492 2742 sed
509 2710 540 2741 si
557 2710 797 2750 nauiqauerit),
817 2709 876 2741 sed
893 2708 929 2740 id
948 2711 1011 2740 aut
1029 2711 1110 2739 ante
1129 2710 1192 2739 aut
1209 2710 1301 2739 certe
1318 2717 1389 2738 non
1406 2717 1499 2738 nunc
1517 2705 1703 2737 dicendum

159 2763 246 2798 erat,
275 2760 335 2792 ubi
365 2771 385 2792 a
413 2761 663 2793 mercatoribus
692 2760 737 2792 ad
764 2760 976 2792 feneratores
1005 2759 1198 2796 transitur;
1240 2769 1322 2790 nam
1350 2758 1483 2789 nautici
1509 2756 1638 2788 fenoris
1665 2759 1704 2789 et

161 2812 372 2843 traiecticiae
389 2813 567 2854 pecuniae,
587 2822 676 2853 quae
693 2812 804 2843 iactat
822 2811 982 2853 Scaliger,
1001 2810 1097 2842 nulla
1114 2811 1150 2842 in
1169 2810 1221 2842 his
1238 2809 1395 2842 uersibus
1413 2808 1618 2850 significatio
1636 2811 1702 2846 est,

157 2865 220 2897 sed
243 2868 383 2898 tantum
406 2867 442 2898 in
465 2867 665 2898 uniuersum
688 2876 881 2898 usurarum.
930 2865 972 2897 de
995 2865 1053 2897 illo
1077 2865 1205 2905 iqnaua
1227 2864 1272 2896 ad
1295 2865 1535 2905 insequentem
1558 2872 1700 2894 uersum
