1872 3183
574 108 1056 153 ASTRONOMICON
1085 110 1151 151 IV
1552 110 1631 149 119

256 225 389 275 utque
408 220 464 261 sit
484 235 536 262 ex
556 220 670 261 omni
688 225 956 262 constructus
975 234 1147 275 corpore
1167 219 1350 261 mundus

257 293 362 335 aeris
382 299 510 349 atque
530 294 636 349 ignis
655 294 809 336 summi
828 299 1047 349 terraeque
1067 294 1277 349 marisque

133 374 201 406 890
257 367 482 423 hospitium
502 369 638 410 menti
656 373 798 410 totum
818 382 926 423 quae
945 367 1104 423 infussa
1124 368 1342 423 gubernet,

93 465 210 507 placit.
230 476 245 498 Ι
263 468 281 498 7
307 468 345 498 17
372 470 399 499 οἱ
426 470 578 499 Στωικοὶ.
595 491 602 499 .
619 491 626 499 .
643 469 714 499 θεὸν
739 469 970 507 ἀποφαίνονται
985 491 992 498 .
1009 491 1016 498 .
1033 491 1040 498 .
1058 470 1181 506 πνεῦμα
1195 491 1202 498 .
1219 491 1226 498 .
1243 491 1250 498 .
1269 470 1374 506 διῆκον
1400 467 1438 498 δι’
1470 468 1544 499 ὅλου
1574 469 1631 498 τοῦ

92 519 224 556 κόσμου,
244 517 344 559 Diog.
363 518 476 550 Laert.
495 527 548 551 VII
567 519 629 551 138
648 521 702 550 τὸν
722 521 759 557 δὴ
777 521 895 557 κόσμον
915 520 1098 550 διοικεῖσθαι
1116 521 1197 550 κατὰ
1213 522 1284 550 νοῦν
1301 521 1354 550 καὶ
1371 520 1530 559 πρόνοιαν,
1550 519 1633 549 καθά

93 574 174 608 φησι
200 571 405 610 Χρύσιπποσ,
422 593 429 601 .
445 593 453 601 .
470 593 478 601 .
494 572 543 601 εἰο-
567 572 654 601 ἄπαν
680 573 776 602 αὐτοῦ
799 572 897 611 μέροσ
927 572 1092 608 διήκοντοσ
1122 573 1178 602 τοῦ
1205 572 1269 609 νοῦ,
1298 571 1441 610 καθάπερ
1469 570 1520 609 ἐφ’
1545 571 1633 608 ἡμῶν

93 622 156 658 τῆσ
196 622 319 661 ψυχῆσ,
361 620 437 653 Sen.
480 631 533 662 ep.
577 621 618 652 65
658 622 700 654 23
741 631 792 662 sq.
834 622 996 653 uniuersa
1040 631 1078 653 ex
1121 621 1261 652 materia
1304 625 1332 653 et
1375 631 1413 652 ex
1456 620 1513 652 deo
1556 629 1632 651 con-

93 674 192 702 stant.
264 671 344 703 deus
386 672 452 703 ista
495 675 663 713 temperat,
705 682 789 712 quae
827 672 1032 713 circumfusa
1067 674 1219 704 rectorem
1257 674 1411 703 secuntur
1451 674 1479 703 et
1519 670 1633 702 ducem

93 744 103 754 .
122 746 130 753 .
149 745 157 753 .
176 732 273 762 quem
300 723 339 754 in
365 722 424 754 hoc
452 723 576 755 mundo
604 724 712 755 locum
739 723 820 755 deus
847 723 978 759 obtinet,
1008 723 1094 754 hunc
1127 723 1165 754 in
1193 723 1324 754 homine
1352 723 1498 754 animus.
1546 721 1634 762 quod

95 775 141 805 est
168 773 239 805 illic
264 774 425 812 materies,
449 774 486 806 id
518 775 556 805 in
579 774 675 806 nobis
700 784 819 815 corpus
845 777 900 811 est,
927 775 993 806 Cic.
1023 774 1066 805 de
1090 785 1152 815 r.p.
1184 783 1221 806 VI
1247 775 1290 805 24
1312 775 1383 815 (26)
1408 777 1444 805 ut
1469 773 1632 805 mundum

95 835 133 856 cx
165 825 310 865 quadam
339 829 435 866 parte
466 826 635 857 mortalem
667 826 747 857 deus
779 829 941 863 aeternus,
965 825 1012 857 sic
1039 825 1163 867 fraqile
1196 835 1315 866 eorpus
1346 825 1483 856 animus
1511 824 1634 864 sempi-

94 879 208 908 ternus
235 880 352 913 mouet,
378 876 460 908 Isid.
488 877 570 918 orig.
596 886 663 908 vm
689 878 708 908 6
734 878 774 908 21
807 877 910 909 Varro
936 877 1046 916 ionem
1068 877 1186 908 mundi
1209 877 1362 908 animum
1384 877 1475 913 dicit,
1493 875 1636 916 proinde

95 927 182 968 quod
195 927 233 959 in
247 928 371 960 mundo
385 929 474 968 ionis
487 929 602 960 omnia
615 928 777 968 yubernet,
793 928 877 959 sicut
891 929 1029 960 animus
1043 928 1082 959 in
1094 927 1190 959 nobis
1274 928 1336 958 888
1350 938 1413 969 pro
1427 928 1471 959 sit
1484 926 1636 968 Scaliger

95 978 148 1010 ed.
181 979 195 1009 1
225 981 261 1010 et
289 979 467 1011 Bentleius
495 983 550 1017 est,
571 979 631 1011 sed
658 979 920 1011 subiunctiuum
947 979 992 1010 ob
1020 979 1215 1010 orationem
1243 978 1452 1010 infinitiuam
1479 978 1634 1020 positum

97 1029 253 1062 defendit
278 1039 301 1062 v
332 1031 462 1063 726-33
494 1031 568 1062 licet
584 1055 591 1062 .
609 1055 616 1062 .
636 1055 643 1062 .
663 1040 791 1062 cernere
807 1055 814 1062 .
834 1055 841 1062 .
861 1055 868 1062 .
882 1055 891 1068 ,
917 1033 993 1070 quot
1027 1033 1111 1061 eant
1137 1040 1264 1070 semper
1296 1032 1465 1061 nascentes
1498 1039 1637 1070 aequore

90 1081 227 1122 fluctus,
250 1079 255 1124 Ι
274 1085 350 1122 quot
372 1081 504 1114 delabsa
520 1082 657 1113 cadant
675 1082 836 1122 foliorum
851 1082 949 1113 milia
970 1081 1082 1118 siluis,
1106 1080 1110 1124 Ι
1131 1081 1280 1122 amplius
1302 1080 1360 1112 hoc
1383 1081 1476 1121 iones
1498 1090 1636 1112 numero

96 1132 261 1164 uolitare
284 1143 345 1173 per
372 1133 490 1171 orbem,
515 1133 574 1165 ubi
598 1133 790 1175 legitimum
818 1137 894 1165 erat
921 1136 998 1173 quot
1025 1136 1113 1170 eunt,
1141 1135 1217 1173 quot
1243 1132 1366 1164 cadunt
1455 1131 1518 1162 889
1543 1135 1635 1164 aeris

97 1182 257 1225 Scaliger,
291 1187 446 1216 aetheris
479 1184 567 1221 libri,
596 1185 655 1226 qui
685 1184 729 1216 ab
762 1185 839 1224 igne
870 1194 1006 1215 summo
1038 1194 1107 1215 non
1139 1184 1274 1215 differt:
1307 1183 1405 1222 Diog.
1437 1182 1551 1214 Laert.
1584 1191 1637 1214 vn

102 1236 163 1267 137
202 1237 519 1268 ἀνωτάτω...εἷναι
551 1238 588 1268 τὸ
627 1239 698 1276 πῦρ,
743 1238 758 1267 ὃ
800 1238 838 1274 δὴ
878 1237 988 1276 αἰθέρα
1021 1237 1199 1272 καλεῖσθαι,
1232 1234 1314 1266 Isid.
1346 1235 1428 1276 orig.
1457 1243 1527 1266 XIII
1561 1235 1581 1266 5
1620 1235 1634 1266 l

97 1286 205 1318 aether
221 1311 229 1318 .
248 1311 256 1318 .
275 1311 283 1318 .
303 1288 469 1329 significat
488 1298 563 1319 eum
581 1288 689 1327 iynem
706 1287 765 1328 qui
783 1297 804 1318 a
822 1290 884 1318 toto
903 1287 1026 1319 mundo
1045 1287 1084 1318 in
1101 1287 1207 1318 altum
1225 1288 1398 1326 separatus
1416 1288 1470 1317 est.
1515 1288 1638 1317 ‘narrat

97 1337 248 1370 Huetius
274 1338 473 1380 frequenter
497 1338 627 1370 aethera
652 1349 713 1380 pro
740 1349 816 1370 aere
843 1338 1025 1380 usurpari:
1064 1348 1109 1369 an
1134 1339 1170 1369 in
1195 1340 1364 1378 quattuor
1388 1336 1638 1369 elementorum

99 1391 360 1422 enumeratione
378 1393 391 1422 ⁸?
439 1391 601 1422 Manilius
635 1394 727 1422 certe
762 1400 775 1422 1
813 1391 921 1422 137—9
963 1393 1048 1421 terra
1065 1413 1072 1421 .
1091 1414 1098 1421 .
1119 1413 1126 1420 .
1139 1390 1286 1431 flamma
1302 1412 1309 1420 .
1329 1412 1337 1420 .
1356 1412 1363 1420 .
1383 1399 1446 1420 aer
1462 1413 1469 1420 .
1489 1413 1496 1419 .
1516 1412 1524 1420 .
1543 1398 1640 1420 umor

124 1464 132 1472 .
152 1464 160 1472 .
181 1442 316 1473 mundi
339 1445 510 1473 struxere
536 1440 678 1481 ylobum,
704 1442 768 1472 249
786 1441 887 1472 aeris
911 1443 1008 1480 atque
1032 1440 1134 1479 ionis,
1161 1443 1264 1471 terrae
1285 1439 1461 1480 pelaqique
1485 1439 1636 1475 iacentis,

99 1500 144 1523 111
157 1493 200 1523 52
217 1502 371 1533 aeraque
386 1496 413 1523 et
427 1496 531 1524 terras
541 1493 781 1534 flammamque
795 1492 985 1533 undamque
998 1494 1168 1523 natantem
1257 1494 1375 1523 terrae
1388 1490 1463 1527 GU,
1476 1493 1589 1522 terres
1602 1494 1639 1527 L,

96 1547 194 1575 terra
211 1547 245 1575 Μ
335 1544 397 1574 890
407 1547 600 1582 hospitium
610 1544 748 1576 menti*
766 1544 1049 1584 (zspitifimeti)‚
1064 1545 1230 1581 spiritum
1245 1546 1281 1574 et
1293 1542 1380 1579 libri,
1395 1551 1505 1573 uacuo
1520 1541 1639 1573 relicto

98 1595 134 1626 in
156 1598 192 1632 G,
215 1595 312 1626 cuius
335 1594 447 1626 scriba
468 1594 523 1626 hic
546 1597 586 1626 ut
608 1605 641 1626 u.
666 1595 732 1626 798
753 1597 789 1625 et
807 1594 889 1625 alibi
911 1594 1013 1626 metri
1036 1594 1163 1625 uitium
1185 1596 1351 1630 senserat,
1376 1595 1458 1623 ante
1481 1595 1509 1624 et
1531 1593 1637 1624 trium

98 1646 295 1678 litterarum
321 1647 434 1688 spatio
524 1650 642 1678 totum
666 1649 711 1684 M,
739 1649 815 1678 toto
840 1649 889 1677 GL
978 1645 1136 1686 sequitur
1168 1644 1292 1676 deinde
1322 1645 1357 1675 in
1382 1643 1476 1675 libris
1500 1647 1638 1681 rapido,

98 1697 193 1738 quod
220 1697 344 1735 deleuj,
371 1700 458 1735 tum,
486 1700 526 1728 ut
552 1697 684 1739 opinor,
711 1697 879 1728 insertum
905 1706 985 1727 cum
1011 1696 1146 1727 numeri
1170 1696 1240 1726 iam
1267 1694 1465 1726 laborarent
1490 1694 1639 1726 necdum

98 1752 301 1790 corruptum
320 1752 410 1780 esset
429 1749 664 1790 participium,
683 1751 723 1779 ut
743 1748 891 1780 uoluerit
912 1747 1141 1789 interpolator
1159 1746 1278 1787 rapido
1298 1745 1458 1786 (mundo)
1478 1745 1596 1786 infusa

186 1802 305 1832 infusa
329 1799 506 1832 Garrodus
533 1799 577 1831 ad
604 1808 632 1831 Π
658 1800 710 1836 60,
729 1802 825 1831 iussa
851 1799 940 1836 libri,
961 1808 1050 1839 quae
1075 1798 1173 1830 notio
1199 1797 1280 1829 hinc
1306 1797 1408 1838 plane
1433 1796 1547 1828 aliena
1571 1800 1635 1828 est.

98 1849 183 1882 Mar.
204 1851 292 1882 Vict.
313 1851 443 1883 G.L.K.
464 1859 502 1882 VI
519 1861 552 1892 p.
576 1851 596 1882 8
617 1850 750 1890 antiqui
767 1874 774 1881 .
794 1873 802 1882 .
821 1873 829 1881 .
852 1849 972 1891 ‘fusus
986 1849 994 1862 ’
1013 1873 1020 1880 .
1040 1873 1047 1880 .
1067 1873 1074 1880 .
1091 1858 1152 1889 per
1170 1848 1235 1880 duo
1260 1858 1277 1879 s
1301 1847 1493 1885 scribebant,
1513 1847 1633 1886 Quint.

98 1902 179 1933 inst.
208 1911 222 1933 Ι
248 1903 267 1933 7
294 1903 337 1933 20
363 1901 535 1933 Ciceronis
551 1900 752 1941 temporibus
775 1900 982 1941 paulumque
1008 1899 1111 1940 infra,
1132 1898 1204 1940 fere
1229 1899 1380 1939 quotiens
1405 1908 1422 1929 s
1446 1898 1555 1929 littera
1571 1922 1578 1929 .
1599 1922 1606 1929 .
1627 1922 1634 1930 .

98 1953 244 1984 subiecta
265 1953 372 1992 lonyis
394 1955 484 1990 esset,
506 1951 746 1992 geminabatur,
768 1955 805 1982 ut
828 1951 984 1982 ‘caussae
1005 1960 1120 1982 cassus
1141 1949 1363 1982 diuissiones'
1379 1959 1391 1985 ,·
1425 1949 1586 1989 quomodo
1608 1952 1637 1980 et

98 2005 215 2046 ipsum
235 2007 264 2036 et
290 2004 472 2045 Verqilium
491 2003 666 2044 scripsisse
686 2013 808 2035 manus
829 2013 940 2034 eorum
960 2002 1081 2034 docent.
1130 2001 1232 2033 huius
1252 2001 1327 2032 cod.
1350 2000 1531 2034 Gudianus
1552 2000 1639 2032 Aen.

98 2065 112 2088 1
133 2056 196 2088 126
215 2055 345 2097 refussa
363 2058 398 2087 et
417 2064 455 2088 IV
474 2056 539 2087 250
559 2054 715 2095 infussa:
747 2054 869 2085 eodem
888 2054 1040 2095 pertinet
1059 2052 1154 2094 quod
1173 2051 1255 2084 ibid.
1278 2061 1316 2083 VI
1335 2053 1400 2084 504
1418 2051 1510 2083 idem
1530 2051 1640 2084 codex

99 2107 270 2148 confossae
295 2107 448 2144 exhibet,
468 2106 643 2138 Mediceus
670 2105 811 2147 suffosso
837 2114 878 2136 XI
906 2105 980 2142 671,
1009 2115 1079 2145 qua
1105 2103 1348 2135 obseruatione
1375 2113 1458 2134 usus
1484 2103 1521 2134 in
1547 2102 1641 2135 Stat.

98 2158 205 2191 Theb.
227 2168 269 2190 XI
292 2160 353 2191 153
376 2158 512 2190 restitui
530 2157 707 2198 perfussus
729 2157 893 2196 sanquine
908 2155 1030 2197 fratris
1047 2155 1107 2187 ubi
1129 2155 1299 2186 traditum
1321 2157 1374 2185 est
1392 2153 1562 2195 perfossi3
1597 2164 1640 2186 ex

99 2210 214 2242 iussus
237 2210 330 2242 Man.
350 2218 372 2241 v
400 2210 439 2241 10
463 2209 560 2240 elicio
584 2218 716 2240 aussus.
766 2217 850 2247 quae
874 2206 1128 2248 synaloepham
1152 2206 1289 2247 patitur
1312 2205 1418 2237 etiam
1443 2214 1471 2236 Π
1495 2205 1560 2236 924
1580 2215 1645 2245 per

98 2271 182 2302 quae
207 2261 356 2293 humana
380 2260 471 2301 reqit,
496 2261 587 2292 sicut
611 2262 736 2301 quater
761 2258 856 2300 apud
882 2257 1091 2299 Vergilium,}
1101 2267 1213 2298 georg.
1241 2266 1255 2288 Ι
1279 2257 1356 2294 383,
1382 2265 1426 2288 ΠΙ
1449 2256 1526 2294 265,
1551 2256 1640 2287 Aen.

99 2322 114 2344 Ι
132 2313 206 2350 109,
221 2322 247 2345 x
265 2313 350 2349 334;
374 2322 413 2344 ac
432 2314 512 2354 post
528 2311 709 2343 Manilium
727 2309 856 2343 Seneca
870 2319 955 2350 quae
970 2319 1076 2346 omne,
1095 2318 1179 2349 quae
1205 2308 1378 2348 Europam
1467 2311 1642 2345 gubernet

100 2364 260 2402 Iacobus,
274 2367 471 2403 gubernent
484 2366 530 2400 M,
543 2365 744 2402 gubernant
757 2365 806 2393 GL
818 2361 893 2393 cod.
913 2361 1078 2397 Venetus,
1093 2359 1250 2400 yubernat
1262 2358 1363 2390 codd.
1379 2357 1468 2390 Flor.
1484 2361 1520 2390 et
1539 2358 1639 2390 Bodl.

99 2416 230 2457 passim
246 2416 283 2447 in
308 2415 395 2447 libro
417 2417 615 2447 nostrorum
642 2413 781 2455 parenti
810 2412 952 2454 pluralis
978 2411 1162 2443 uerborum
1190 2420 1354 2442 numerus
1383 2419 1445 2451 pro
1475 2409 1639 2451 singulari

99 2467 250 2508 scriptus
270 2469 357 2505 erat,
377 2475 392 2498 1
415 2467 488 2502 190,
510 2466 586 2502 432,
608 2474 636 2496 Π
657 2465 710 2501 91,
733 2464 809 2501 203,
831 2464 908 2501 361,
930 2464 1005 2500 377,
1027 2464 1103 2499 421,
1126 2462 1201 2499 748,
1224 2462 1299 2498 824,
1318 2469 1361 2492 ΙΠ
1384 2461 1457 2498 119,
1482 2461 1555 2498 127,
1580 2461 1644 2493 139

99 2518 322 2559 (qubemant),
350 2517 426 2554 398,
455 2518 530 2553 601,
559 2517 634 2553 607,
664 2516 739 2552 630,
767 2523 805 2546 1v
832 2515 908 2551 485,
937 2515 1013 2552 652,
1041 2522 1064 2545 v
1091 2514 1167 2550 236,
1195 2513 1271 2549 251,
1299 2513 1374 2544 344.
1422 2511 1546 2543 modus
1577 2511 1642 2543 hoc

100 2579 203 2602 uersu
231 2568 477 2611 praeferendus
499 2567 639 2599 uidetur
660 2566 913 2603 subiunctiuus,
936 2575 1016 2597 cum
1039 2575 1145 2596 unam
1167 2564 1345 2595 notionem
1367 2562 1518 2594 efficiant
1540 2563 1643 2595 menti

100 2645 108 2653 .
128 2645 135 2653 .
156 2645 163 2652 .
181 2630 265 2661 quae
282 2644 290 2651 .
309 2644 316 2651 .
336 2643 344 2651 .
363 2619 535 2660 qubernet:
576 2629 609 2650 u.
641 2619 704 2649 892
733 2618 869 2649 animus
897 2616 1071 2648 humanus
1099 2619 1140 2647 ut
1168 2625 1221 2646 res
1249 2618 1334 2646 nota
1361 2614 1514 2656 ponitur,
1543 2615 1642 2646 cuius

100 2672 225 2704 deinde
248 2671 418 2703 subicitur
440 2673 535 2702 certa
558 2669 731 2710 quaedam
754 2668 947 2711 proprietas
971 2667 1016 2699 ad
1041 2667 1130 2699 hanc
1156 2666 1430 2708 disputationem
1453 2665 1641 2707 pertinens.

99 2732 315 2765 quamquam
333 2722 440 2753 etiam
464 2721 536 2752 sine
560 2720 623 2752 tali
646 2729 750 2752 causa
772 2719 946 2760 nulloque,
965 2718 1059 2760 quod
1083 2717 1223 2759 quidem
1247 2717 1429 2753 sentiatur,
1447 2716 1643 2748 discrimine

101 2777 137 2807 in
159 2774 313 2806 relatiuis
335 2773 525 2804 enuntiatis
548 2771 671 2803 modus
693 2771 850 2803 uariatur
872 2770 945 2802 Liu.
970 2779 1013 2802 111
1035 2771 1055 2801 5
1080 2770 1120 2802 13
1141 2769 1264 2801 audet.
1283 2792 1291 2799 .
1310 2792 1318 2800 .
1342 2767 1496 2800 Valerius
1517 2767 1642 2800 Antias

100 2827 271 2867 concipere
288 2835 437 2857 summas
456 2835 466 2855 .·
484 2848 491 2855 .
511 2847 518 2856 .
538 2847 546 2855 .
565 2834 603 2856 ex
618 2821 894 2864 praedationibus
912 2821 1113 2862 Aequorum,
1133 2820 1192 2862 qui
1207 2818 1443 2861 populabundi
1461 2819 1500 2851 in
1511 2818 1645 2860 finibus
