1872 3183
160 149 215 187 52
748 144 811 187 Μ.
843 144 1096 187 MANILII

322 269 514 310 quaeque
534 253 640 295 duas
659 253 881 308 duplicant
900 267 1088 294 summas
1108 258 1355 308 septemque
1375 267 1613 308 nouemque
1632 267 1641 302 ;

319 343 489 385 unaque
507 328 659 384 uiginti
678 328 862 369 numeris
881 341 978 383 pars
999 327 1147 369 addita
1166 328 1297 369 laedit

154 450 293 492 gradus,
320 461 390 482 non
417 460 640 482 numerorum
667 450 752 481 ordo
778 449 1004 492 significatur,
1031 460 1110 481 cum
1137 449 1178 481 ab
1203 450 1415 492 praepositio
1441 452 1478 481 et
1503 449 1568 480 hoc
1595 458 1698 480 sensu

154 502 374 541 adhibeatur,
398 502 472 534 Liu.
497 511 510 533 1
534 503 572 534 17
598 503 638 534 10
660 502 800 542 diynum
821 501 879 542 qui
900 502 1065 534 secundus
1087 501 1127 533 ab
1152 500 1294 533 Romulo
1314 504 1515 538 numeretur,
1538 509 1591 531 vn
1615 501 1630 531 1
1658 500 1698 531 10

154 554 336 586 secundum
359 564 380 585 a
405 552 548 585 Romulo
569 553 769 585 conditorem
792 553 895 591 urbia
921 553 1021 585 Ouid.
1046 552 1127 584 fast.
1152 562 1165 584 1
1189 554 1253 585 710
1276 563 1297 584 a
1320 552 1444 584 mensis
1460 551 1532 593 fine
1554 551 1700 583 secunda

153 604 234 642 dies,
259 608 295 636 et
315 604 385 642 illo,
410 604 487 636 bell.
512 604 609 635 Alex.
635 605 677 636 66
699 605 719 635 4
742 604 915 636 sacerdos,
936 628 942 635 .
963 628 969 635 .
987 604 1137 644 potentia
1158 604 1322 636 secundus
1345 614 1365 634 a
1387 613 1468 643 reqe,
1493 603 1576 634 Hor.
1596 612 1698 634 serm.

154 664 182 687 11
205 657 225 688 3
252 657 313 688 193
337 655 429 687 heros
452 655 492 687 ab
515 655 646 687 Achille
668 655 844 692 secundus,
870 655 970 686 Publ.
997 655 1071 696 Syr.
1097 658 1184 686 sent.
1210 656 1274 687 600
1297 655 1462 686 secundus
1485 657 1531 685 est
1553 664 1574 685 a
1596 657 1700 685 matre

153 707 296 738 nutricis
321 707 422 744 dolor,
449 706 530 738 Luc.
559 715 597 737 IV
623 707 684 738 721
713 706 877 738 Numidis
903 717 923 736 a
949 716 1019 746 reye
1044 707 1219 744 secundus,
1246 706 1323 738 qu.
1349 715 1373 737 x
1400 707 1463 737 247
1490 706 1581 737 uitae
1597 729 1604 736 .
1624 729 1631 736 .
1651 729 1658 736 .
1679 715 1700 735 a

152 758 281 789 cornice
305 758 468 789 secundae
558 757 617 788 sed
643 756 729 788 illud
754 757 825 788 iam
851 757 1119 798 disceptandum
1145 760 1209 795 est,
1236 761 1382 798 quotam
1408 757 1536 788 Arietis
1561 758 1699 797 partem

151 812 258 850 poeta
292 809 396 840 dicat.
446 819 486 840 ac
521 808 671 850 Scaliger
706 808 847 849 quidem
883 808 1181 849 adstipulantibus
1216 809 1314 850 Fayo
1350 808 1508 840 Bentleio
1544 807 1700 848 Heringa

152 860 321 902 Pingraeo
339 860 582 892 duodecimam
600 860 782 902 intellegit,
801 870 905 901 quem
923 870 1107 892 numerum
1126 859 1331 892 Ammianus
1348 869 1422 891 XXX
1442 861 1461 891 6
1480 861 1500 891 6
1517 859 1701 891 secundum

152 915 180 943 et
206 912 371 944 decimum
398 911 601 954 appellauit,
628 922 691 943 nec
718 911 880 943 dubitare
907 911 1073 943 uidentur
1099 912 1226 943 ceteri:
1273 922 1335 953 ego
1363 912 1448 952 quin
1475 911 1701 943 uehementer

151 963 310 996 dubitem
330 963 443 995 facere
463 973 534 995 non
554 973 706 1005 possum.
755 973 867 1004 neque
887 963 980 994 enim
1001 963 1111 994 ullum
1131 963 1246 994 locum
1266 963 1349 994 noui
1370 963 1429 994 ubi
1450 965 1513 994 aut
1533 962 1700 994 secundus

152 1018 215 1047 aut
240 1015 323 1047 alter
347 1025 427 1047 cum
454 1015 494 1046 ab
520 1015 788 1056 praepositione,
816 1014 944 1046 nedum
971 1025 1051 1046 cum
1078 1013 1212 1052 datiuo,
1239 1015 1290 1046 ita
1315 1015 1480 1056 iungatur
1506 1017 1547 1046 ut
1572 1013 1699 1045 tertius

149 1067 352 1099 interiectus
374 1067 596 1108 significetur.
646 1068 753 1097 immo
776 1066 860 1098 haec
884 1067 963 1103 tria,
982 1066 1147 1098 secundus
1166 1066 1217 1103 ab,
1233 1066 1409 1106 proximus
1426 1065 1478 1103 ab,
1494 1066 1629 1105 primus
1646 1064 1699 1102 ab,

150 1128 260 1150 unum
287 1118 449 1160 idemque
476 1118 667 1155 declarant,
695 1118 730 1148 id
759 1118 853 1158 quod
881 1117 1073 1149 ostendunt
1099 1127 1179 1148 cum
1206 1117 1289 1149 locis
1316 1117 1433 1159 paullo
1461 1120 1543 1148 ante
1570 1116 1699 1148 adlatis

150 1171 345 1212 composita
368 1170 444 1201 qu.
470 1179 493 1201 x
521 1171 582 1201 125
606 1180 656 1211 sq.
682 1169 883 1209 Philippica
900 1194 907 1200 .
927 1194 934 1200 .
954 1194 961 1200 .
981 1180 1002 1201 a
1023 1169 1138 1208 prima
1155 1193 1162 1200 .
1182 1193 1189 1200 .
1209 1193 1216 1200 .
1234 1169 1401 1208 proxima,
1426 1169 1492 1200 Cic.
1519 1171 1607 1199 orat.
1633 1168 1697 1199 217

150 1221 303 1262 dactylus
319 1245 326 1252 .
346 1245 353 1252 .
373 1246 380 1252 .
398 1221 575 1260 proximus
607 1231 629 1252 a
658 1224 834 1260 postremo,
870 1220 970 1252 Ouid.
1014 1220 1094 1251 fast.
1135 1229 1178 1251 111
1218 1221 1261 1251 94
1293 1230 1314 1250 a
1346 1219 1474 1251 tribus.
1495 1244 1502 1250 .
1522 1244 1529 1250 .
1547 1219 1699 1259 primum

153 1273 348 1312 (mensem),
368 1283 411 1304 ex
432 1272 533 1303 Pont.
557 1281 594 1303 Iv
617 1274 657 1303 15
677 1273 698 1303 4
718 1282 739 1303 a
758 1272 891 1311 superis
911 1271 964 1302 nic
984 1271 1070 1303 mihi
1087 1272 1222 1312 primus
1242 1271 1312 1309 erit,
1335 1271 1424 1303 Stat.
1447 1270 1553 1302 Theb.
1577 1279 1614 1302 IV
1635 1271 1697 1302 841

149 1335 171 1355 a
197 1323 280 1355 Ioue
300 1324 435 1364 primus
458 1323 572 1361 honos,
597 1323 656 1355 ubi
680 1323 883 1355 scholiastes
904 1326 980 1362 post
1006 1322 1123 1354 Iouem
1146 1323 1322 1360 secundus,
1348 1322 1414 1354 Cic.
1441 1321 1483 1353 de
1507 1321 1564 1353 fin.
1591 1330 1634 1353 ΙΙΙ
1657 1322 1701 1353 52

150 1385 291 1416 quorum
317 1376 395 1407 ordo
418 1375 571 1415 proxime
596 1375 730 1412 accedit,
758 1378 795 1406 ut
820 1375 985 1406 secundus
1011 1375 1066 1412 sit,
1093 1375 1137 1406 ad
1162 1375 1290 1415 reqium
1313 1374 1548 1414 principatum
1562 1386 1571 1411 ;
1611 1374 1702 1405 sicut

149 1427 258 1459 etiam
273 1428 366 1459 inter
381 1437 416 1458 se
431 1437 503 1458 non
518 1426 686 1458 differunt
702 1426 804 1468 Prop.
822 1435 851 1458 11
867 1427 886 1459 3
903 1427 946 1458 32
959 1429 1035 1466 post
1050 1426 1215 1457 Helenam
1231 1425 1309 1457 haec
1324 1425 1420 1456 terris
1430 1424 1544 1466 forma
1558 1425 1706 1457 secunda

152 1478 246 1516 redit,
267 1487 305 1509 Iv
326 1479 346 1509 6
365 1479 408 1509 56
425 1477 584 1518 proxima
600 1481 675 1517 post
694 1487 793 1508 arcus
814 1476 970 1508 Caesaris
990 1476 1085 1508 nasta
1099 1476 1180 1517 fuit,
1203 1476 1320 1515 Quint.
1342 1477 1422 1507 inst.
1439 1485 1482 1507 111
1504 1477 1519 1507 1
1536 1477 1556 1507 8
1567 1475 1703 1516 primus

151 1533 227 1569 post
249 1539 301 1561 eos
318 1554 325 1560 .
345 1553 352 1560 .
372 1553 380 1561 .
402 1529 626 1569 Empedocles.
674 1538 787 1570 neque
809 1528 1052 1570 excipiendum
1074 1531 1161 1570 puto
1185 1527 1286 1560 Ouid.
1309 1527 1389 1559 fast.
1414 1537 1427 1559 1
1449 1528 1514 1559 710
1535 1537 1557 1559 a
1577 1527 1703 1559 mensis

145 1581 218 1622 fine
242 1580 388 1612 secunda
413 1580 484 1612 dies
509 1590 572 1621 pro
597 1579 752 1611 Ianuarii
777 1579 833 1610 die
856 1588 932 1611 xxx
958 1579 1104 1616 dictum,
1131 1578 1303 1620 siquidem
1329 1579 1456 1610 mensis
1482 1578 1559 1609 finis
1585 1578 1703 1609 uocari

152 1635 270 1674 potest
297 1632 370 1663 dies
397 1632 533 1669 ultima,
562 1630 860 1672 quemadmodum
887 1630 971 1662 ibid.
996 1639 1039 1661 111
1067 1631 1131 1662 883
1158 1640 1209 1670 sq.
1232 1639 1385 1661 mensem
1410 1630 1577 1661 Martium
1598 1629 1704 1670 finire

152 1684 281 1715 dicitur
300 1684 400 1715 Luna
419 1683 474 1714 die
494 1683 567 1714 eius
584 1691 675 1714 XXXI
694 1683 730 1713 in
750 1682 927 1713 Auentino
946 1681 1101 1713 colenda.
1149 1681 1294 1712 accedat
1313 1681 1443 1712 Auson.
1465 1682 1530 1712 379
1550 1681 1569 1713 3
1590 1680 1700 1722 (Peip.

154 1746 187 1776 p.
211 1736 269 1775 99)
291 1735 533 1775 Nonarumque
553 1734 641 1765 diem
657 1733 793 1774 faciunt
814 1732 908 1774 infra
928 1736 996 1764 octo
1017 1732 1167 1770 secundi,
1189 1732 1254 1764 hoc
1275 1735 1329 1764 est
1349 1732 1444 1770 noni,
1466 1732 1588 1763 Nonae
1609 1732 1704 1763 enim

154 1790 238 1818 sunt
256 1786 327 1817 a.d.
348 1795 387 1817 Ix
406 1785 500 1817 Idus.
556 1795 680 1826 neque,
695 1785 723 1816 si
743 1785 831 1816 alter
844 1788 881 1816 et
894 1785 1104 1816 uicensimus
1117 1787 1170 1815 est
1184 1784 1244 1825 qui
1257 1793 1327 1815 uno
1340 1783 1577 1815 intercedente
1588 1784 1703 1815 uicen-

154 1839 282 1869 simum
306 1838 475 1878 sequitur,
492 1836 571 1868 ideo
591 1846 662 1868 11011
683 1836 852 1868 continua
870 1838 953 1867 sunt
976 1835 1078 1867 Mart.
1105 1835 1187 1877 Cap.
1210 1845 1223 1866 1
1240 1837 1255 1875 ξ
1275 1836 1363 1866 54-6
1385 1845 1423 1866 ex
1439 1835 1568 1866 decima
1584 1858 1591 1866 .
1611 1859 1618 1866 .
1638 1859 1645 1866 .
1666 1845 1705 1866 ea:

155 1890 260 1921 altera
277 1889 356 1929 (1100
373 1891 426 1920 est
443 1888 635 1928 undecima)
653 1911 660 1919 .
679 1911 687 1919 .
707 1911 714 1919 .
734 1897 772 1919 ex
789 1886 984 1919 duodecima
1000 1911 1007 1918 .
1028 1910 1034 1918 .
1055 1911 1062 1918 .
1082 1897 1120 1918 ex
1136 1886 1241 1918 altera
1258 1886 1337 1927 (hoc
1354 1889 1408 1918 est
1424 1887 1520 1918 tertia
1536 1885 1678 1925 decima)
1694 1897 1704 1923 ;

157 1941 276 1973 Seruio
299 1943 429 1977 autem,
453 1940 513 1981 qui
535 1939 635 1981 Verg.
660 1938 737 1971 buc.
763 1947 831 1970 VIII
854 1939 896 1971 39
919 1939 1001 1970 alter
1022 1938 1063 1969 ab
1085 1937 1259 1970 undecimo
1281 1941 1352 1969 tum
1373 1947 1424 1969 me
1445 1938 1515 1969 iam
1537 1941 1706 1977 acceperat

157 2001 270 2024 annus
287 1990 551 2032 interpretando
570 1991 751 2032 peruertit,
770 1989 815 2021 ad
834 1998 857 2021 v
875 1991 918 2021 49
936 1992 972 2020 tu
989 1999 1080 2020 nunc
1098 1989 1165 2020 eris
1182 1989 1264 2020 alter
1282 1989 1322 2020 ab
1341 1989 1399 2020 illo
1417 1988 1606 2020 tacendum
1623 1988 1703 2020 fuit.

157 2045 278 2085 itaque
300 2043 455 2075 decumae
477 2042 550 2073 siue
572 2052 593 2073 a
615 2042 755 2074 decuma
776 2042 921 2073 secunda
943 2040 1028 2072 mihi
1049 2040 1172 2072 eadem
1194 2040 1253 2071 illa
1275 2050 1355 2082 pars
1377 2043 1431 2072 est
1452 2050 1542 2081 quae
1564 2040 1630 2072 460
1652 2050 1703 2080 sq.

158 2096 296 2127 decuma
317 2097 452 2135 peracta
482 2093 608 2134 prima,
643 2094 708 2125 490
741 2093 898 2125 decumae
930 2092 1106 2124 succedens
1137 2092 1253 2132 prima
1283 2095 1435 2131 peractae
1468 2091 1607 2129 dicitur,
1641 2101 1704 2123 un-

157 2147 294 2178 decima
308 2158 317 2184 ;
347 2147 413 2178 etsi
430 2146 572 2177 minime
588 2155 675 2186 nego
693 2145 758 2176 449
775 2154 825 2185 sq.
844 2144 941 2176 tertia
954 2147 1031 2184 post
1046 2144 1229 2181 decumam,
1247 2144 1338 2175 sicut
1355 2143 1456 2175 Ouid.
1476 2146 1558 2175 met.
1575 2151 1646 2174 XIII
1663 2143 1706 2175 28

158 2198 199 2229 ab
231 2197 313 2229 Ioue
339 2197 455 2229 tertius
482 2196 586 2234 Aiax,
614 2196 666 2227 ita
692 2196 775 2237 poni
803 2198 843 2226 ut
870 2205 913 2226 ex
941 2194 1053 2226 tribus
1080 2194 1307 2235 sequentibus
1334 2194 1496 2226 ultimam
1523 2193 1706 2235 significet,

159 2250 302 2281 tertiam
320 2248 492 2280 decimam
581 2247 645 2278 446
660 2250 843 2286 duplicant
855 2247 885 2284 *,
901 2249 1059 2285 duplicat
1072 2245 1159 2278 libri.
1208 2246 1381 2285 duplicare
1390 2248 1513 2285 septem
1523 2255 1706 2285 nouemque

160 2303 212 2333 ita
230 2301 298 2332 dici
316 2310 416 2342 posse
434 2302 476 2331 ut
493 2300 539 2331 sit
557 2308 798 2331 consummare
816 2308 1000 2330 numerum
1017 2306 1082 2329 XVI
1099 2297 1187 2328 effici
1201 2297 1341 2328 uidetur
1358 2307 1401 2328 ex
1420 2296 1494 2328 Liu.
1510 2305 1616 2328 XXVII
1631 2297 1667 2328 ll
1685 2297 1705 2327 5

161 2363 242 2393 quos
262 2352 472 2392 androyynos
492 2350 610 2391 uolyus
626 2374 633 2381 .
654 2375 660 2381 .
680 2374 687 2381 .
701 2349 857 2391 faciliore
878 2350 922 2381 ad
941 2349 1150 2389 duplicanda
1170 2348 1249 2389 (hoc
1270 2351 1324 2379 est
1344 2347 1584 2388 componenda)
1605 2347 1708 2379 uerba

162 2404 285 2436 Graeco
301 2413 448 2434 sermone
464 2402 613 2442 appellat
627 2414 635 2440 ;
669 2411 884 2443 quamquam
904 2401 952 2432 sic
972 2401 1032 2432 uix
1050 2399 1211 2432 additum
1227 2402 1318 2430 esset
1335 2400 1420 2431 duas
1437 2409 1597 2430 summas.
1645 2398 1707 2430 sed

163 2457 190 2487 si
209 2458 327 2497 partes
345 2457 508 2496 quartam
527 2453 698 2485 decimam
717 2456 753 2484 et
770 2452 1113 2484 duodeuicensimam
1131 2450 1316 2492 significari
1333 2450 1495 2482 uolumus
1513 2451 1706 2482 necessario

163 2506 306 2548 pluralis
326 2505 423 2537 uerbi
444 2505 557 2536 forma
574 2504 737 2546 ponenda
757 2507 834 2541 est;
868 2514 950 2534 nam
972 2513 1062 2544 quae
1083 2502 1170 2534 duas
1191 2512 1345 2534 summas
1363 2511 1416 2533 VII
1433 2505 1468 2533 et
1488 2510 1527 2533 IX
1548 2501 1707 2543 duplicat

163 2568 255 2599 pars,
275 2568 317 2589 ea
336 2557 536 2589 tricensima
556 2556 667 2588 altera
686 2558 750 2593 est,
772 2555 862 2586 sicut
883 2566 915 2586 u.
938 2555 1003 2586 452
1024 2554 1213 2586 uicensima
1233 2556 1333 2585 sexta
1353 2563 1436 2594 quae
1455 2554 1563 2585 decem
1582 2553 1707 2593 trisque

163 2609 349 2650 inyeminat
364 2617 519 2640 numeros
608 2607 671 2638 447
688 2610 801 2639 laedit
817 2606 978 2647 Scaliger,
995 2609 1118 2637 laudet
1135 2609 1204 2641 ΒΜ,
1222 2608 1355 2643 gaudet
1376 2609 1412 2642 G,
1437 2608 1536 2636 laudi
1555 2608 1610 2637 est
1628 2603 1704 2635 cod.

165 2661 330 2697 Venetus,
354 2659 505 2700 sraudist
530 2658 567 2690 F.
595 2658 726 2689 Iunius.
775 2658 841 2689 466
866 2657 1028 2688 uicesima
1054 2659 1082 2688 et
1106 2656 1211 2687 altera
1236 2656 1345 2687 laedit.
1394 2655 1568 2687 contrario
1593 2664 1706 2686 errore

166 2712 243 2743 ledit
270 2721 334 2752 pro
363 2710 489 2742 laudist
519 2709 634 2741 Ouidii
664 2709 741 2740 libri
770 2708 851 2740 fast.
887 2717 930 2739 111
963 2709 1037 2740 500.
1084 2718 1155 2739 non
1184 2711 1343 2749 praestat
1371 2707 1486 2745 laedet,
1517 2706 1612 2747 quod
1645 2707 1706 2737 uix

160 2763 249 2794 satis
261 2762 456 2794 defendunt
473 2762 536 2792 457
556 2760 667 2792 ueniet
682 2763 719 2791 et
732 2761 795 2791 497
808 2759 934 2800 feretur
1023 2768 1094 2790 una
1110 2759 1272 2799 quamuis
1288 2761 1454 2799 sequente
1471 2757 1599 2798 quinta,
1617 2757 1710 2788 sicut

165 2815 231 2846 469
250 2824 299 2854 sq.
322 2823 380 2845 nec
399 2823 470 2844 una
491 2811 496 2855 1
515 2812 559 2844 ad
578 2811 739 2843 decimam
758 2821 816 2842 nec
836 2814 964 2851 quarta,
986 2811 1068 2851 quia
1088 2809 1215 2841 dicitur
1234 2819 1325 2840 unus
1345 2813 1373 2841 et
1391 2809 1608 2846 uicensimus,
1628 2819 1707 2841 raro

164 2865 321 2905 primus;
363 2864 443 2896 uide
472 2864 578 2895 etiam
609 2864 674 2895 456
764 2863 890 2902 uiqinti
918 2862 1067 2893 numeris
1096 2863 1173 2899 471,
1203 2862 1267 2893 453
1297 2861 1434 2901 triyinta
1463 2869 1617 2892 numeros
