1872 3183
558 169 1046 214 ASTRONOMICON
1077 170 1144 212 IV
1588 172 1613 210 5

143 290 188 322 35
242 281 357 323 nulla
376 281 485 324 acies
503 285 675 322 tantum
694 280 798 324 uicit
817 295 825 322 :
861 280 1075 336 pendebat
1094 280 1149 321 ab
1168 294 1253 321 uno

245 356 383 398 Roma
402 355 493 397 uiro
512 369 770 410 regnumque
789 355 901 396 orbis
920 354 1072 396 sortita
1093 353 1270 396 iacebat.

245 430 349 485 quid
366 429 543 471 referam
562 429 728 471 Cannas
747 428 1005 484 admotaque
1025 428 1243 470 moenibus
1263 442 1381 469 arma

247 504 560 559 Varronemque
581 503 682 558 fuga
703 517 917 558 magnum,
939 517 1024 558 qua
1045 503 1213 545 uincere
1235 508 1392 557 posset,

246 583 427 634 postque
446 582 556 627 tuos,
578 577 859 626 Trasimenne,
880 576 996 619 lacus
1014 576 1278 631 Fabiumque
1298 580 1536 617 morantem

152 660 196 691 40
252 652 458 707 accepisse
478 653 623 706 iugum
641 651 780 693 uictae
799 650 1064 706 Carthaginis
1083 665 1211 700 arces,

87 824 202 866 proles
218 824 274 855 uel
289 826 355 856 tota
370 824 458 855 acies
471 826 591 864 partus
607 823 662 856 uel
678 823 749 856 sola
764 823 852 856 acies
868 823 1065 866 appellatur
1154 824 1195 854 36
1211 826 1349 855 iacebat
1365 826 1426 861 GL,
1442 825 1571 855 iacebit
1586 827 1633 855 Μ.

89 876 251 917 quamuis
267 875 342 906 fato
359 885 503 917 regnum
520 875 613 907 orbis
629 876 764 913 sortita,
783 878 902 906 tamen
919 874 1053 907 deiecta
1070 877 1145 906 erat
1162 878 1198 906 et
1216 875 1371 906 animum
1388 874 1630 916 despondebat

179 926 220 958 37
243 926 320 959 Sen.
344 925 424 958 dial.
449 935 487 958 IV
517 927 537 957 2
560 928 580 958 5
602 925 796 958 Hannibale
815 929 890 967 post
913 926 1051 958 Cannas
1072 926 1205 958 moenia
1225 926 1486 963 circumsidente,
1509 936 1634 967 nempe

89 980 260 1019 quattuor
280 980 360 1019 post
382 978 491 1009 annis.
539 977 634 1018 quod
656 980 774 1009 autem
797 977 880 1009 haec
903 981 985 1009 ante
1007 977 1272 1009 Trasimennum
1294 977 1512 1019 Fabiumque
1535 988 1628 1009 com-

92 1031 286 1060 memorata
303 1031 397 1066 sunt,
415 1027 452 1059 id
470 1028 582 1060 multa
600 1028 707 1060 habet
725 1028 895 1070 exempla,
915 1037 952 1059 IV
971 1029 1035 1059 566
1058 1027 1213 1060 Trebiam
1232 1028 1432 1069 Cannasque
1450 1028 1634 1069 lacumque,

92 1079 150 1112 Sil.
172 1088 212 1111 XI
236 1081 295 1111 171
320 1090 370 1120 sq.
395 1079 534 1111 Canna-s·
555 1077 560 1122 Ι
580 1082 608 1110 et
632 1080 857 1111 Trasimenna
878 1080 979 1117 uada,
1002 1079 1120 1111 Claud.
1146 1079 1220 1111 Stil.
1246 1089 1289 1111 111
1314 1081 1375 1111 145
1395 1083 1470 1120 post
1493 1080 1632 1112 Cannas

92 1131 201 1162 maior
228 1130 457 1171 Trebiamque,
483 1130 595 1172 Apoll.
624 1130 693 1162 Sid.
722 1140 827 1162 carm.
856 1131 876 1162 9
902 1131 967 1161 246
994 1140 1043 1171 sq.
1069 1133 1249 1171 postponat
1277 1130 1432 1162 Trebiam
1457 1140 1637 1171 qrauesque

93 1182 233 1214 Cannas
254 1179 259 1224 Ι
278 1184 418 1221 straqem
446 1191 504 1212 nec
537 1181 827 1212 Trasimennicam
857 1181 1009 1222 loquatur
1099 1181 1139 1211 38
1170 1184 1255 1220 fuga
1286 1181 1474 1219 Bentleius,
1504 1190 1637 1220 pugum

92 1233 173 1265 libri
197 1235 363 1274 sequente
388 1232 517 1264 scilicet
541 1233 658 1273 iuqurn
683 1243 714 1264 u.
743 1234 785 1264 40
876 1241 946 1269 qua.
969 1233 999 1270 *‚
1025 1241 1130 1269 quam
1155 1236 1238 1264 GLM
1263 1232 1337 1264 cod.
1364 1233 1529 1270 Venetus,
1553 1233 1640 1273 quod

94 1283 195 1316 codd.
216 1284 306 1315 Flor.
325 1287 362 1315 et
381 1283 492 1320 Bodl.‚
511 1293 609 1324 quom
626 1284 701 1315 loco
720 1283 820 1315 aliter
838 1283 1056 1315 conformato
1075 1283 1117 1315 R.
1139 1283 1173 1315 C.
1195 1283 1337 1315 Iebbius
1354 1284 1391 1315 in
1409 1285 1484 1315 uita
1503 1283 1641 1316 Bentlei

95 1344 129 1375 p.
159 1335 221 1367 145
311 1336 451 1365 uincere
476 1337 512 1371 G,
534 1336 655 1366 uiuere
680 1337 737 1365 LM
827 1338 946 1372 posset
979 1334 1079 1365 codd.
1107 1334 1196 1366 Flor.
1225 1337 1261 1366 et
1287 1334 1398 1372 Bodl.‚
1418 1337 1530 1373 possit
1555 1338 1639 1367 GLM

189 1385 273 1426 fuga
290 1395 435 1426 magnus
455 1385 563 1417 Varro
581 1385 709 1417 dicitur
725 1388 849 1427 utpote
867 1385 1030 1427 fugiendo
1049 1385 1210 1417 uincendi
1225 1385 1412 1426 aliquando
1429 1385 1637 1418 facultatem

96 1435 256 1478 adeptus.
304 1436 393 1468 Flor.
413 1445 426 1468 Ι
442 1437 484 1467 22
503 1438 542 1468 17
559 1437 681 1468 ducum
692 1436 785 1477 fuqi
792 1440 802 1466 t
819 1436 910 1474 alter,
929 1437 1010 1467 alter
1026 1437 1154 1468 occisus
1171 1439 1226 1474 est,
1244 1436 1383 1469 dubium
1404 1440 1475 1468 uter
1491 1437 1638 1469 maiore

97 1486 232 1519 animo
251 1496 262 1518 .·
294 1487 444 1519 Paulum
461 1487 596 1528 puduit,
625 1488 728 1520 Varro
753 1498 821 1518 non
844 1487 1033 1528 desperauit
1123 1487 1164 1518 39
1184 1490 1318 1519 fabium
1343 1488 1418 1526 GU,
1439 1491 1574 1520 fauium
1595 1492 1642 1524 Μ.

98 1542 221 1570 fauum
233 1542 257 1570 1.
351 1538 435 1570 haec
450 1541 525 1579 post
541 1542 625 1576 tuos,
646 1539 877 1576 Trasimenne,
895 1539 988 1570 lacus
1004 1539 1169 1579 accepisse
1184 1539 1301 1579 iuqum
1319 1539 1534 1580 Oarthaqinis
1550 1549 1640 1572 arce-s

97 1593 134 1622 et
147 1600 208 1631 per
221 1600 256 1621 se
270 1589 362 1621 bona
375 1593 457 1621 sunt
470 1592 506 1621 et
519 1591 567 1621 eis
580 1590 706 1621 similia
719 1599 808 1631 quae
822 1600 878 1622 uu.
895 1591 937 1622 50
951 1600 1000 1631 sq.
1017 1590 1193 1622 habentur
1204 1591 1392 1631 periturum
1406 1591 1641 1633 (Pompeium)

95 1644 172 1682 post
190 1641 298 1672 uictas
318 1640 531 1672 Mithridatis
549 1651 637 1681 opes.
709 1641 769 1672 sed
784 1644 858 1672 tam
871 1641 1091 1672 commodam
1106 1642 1316 1673 sententiam
1330 1642 1515 1684 perturbat
1534 1643 1638 1675 inter-

97 1693 229 1724 iectum
252 1691 460 1733 Fabiumque
480 1695 672 1729 morantem,
694 1693 795 1733 quasi
815 1702 908 1730 uero,
931 1695 972 1724 ut
992 1692 1106 1724 clades
1127 1693 1398 1731 Trasimennica,
1419 1694 1470 1725 ita
1490 1695 1644 1726 uictrices

99 1754 187 1786 quas
200 1743 285 1775 dicit
298 1743 498 1784 Propertius
511 1753 620 1774 morae
635 1743 738 1774 Fabii
751 1743 918 1775 Romanis
931 1743 1183 1785 impedimento
1196 1744 1326 1776 fuerint
1339 1744 1384 1776 ad
1397 1744 1642 1787 Carthaginem

99 1794 351 1837 subigendam;
386 1798 426 1827 ut
446 1796 706 1826 excusationem
732 1794 860 1826 habeat
881 1794 975 1836 quod
997 1795 1039 1826 R.
1062 1794 1253 1827 Garnettus
1278 1796 1314 1826 in
1343 1795 1523 1827 Athenaeo
1553 1796 1642 1828 Lon-

99 1846 248 1878 diniensi
263 1856 318 1877 an.
329 1846 412 1878 1882
428 1847 532 1887 p.582
545 1846 627 1877 lusit
647 1845 864 1886 Trebiamque
878 1850 1056 1878 cruentam.
1105 1846 1194 1878 hanc
1210 1848 1477 1888 repugnantiam
1494 1847 1643 1880 Iacobus

102 1908 223 1930 uersus
241 1899 283 1930 38
301 1899 344 1930 39
361 1898 452 1929 inter
469 1908 504 1929 se
522 1897 781 1939 transponendo
800 1908 870 1929 non
888 1898 1053 1936 sustulit;
1085 1898 1263 1930 Bentleius
1281 1898 1379 1930 dedit
1401 1899 1428 1931 V
1430 1910 1645 1940 arronemque

95 1949 184 1990 fuya
203 1959 363 1989 maqnum
383 1949 483 1989 (quod
503 1949 618 1980 uiuere
636 1949 744 1989 possit
765 1947 770 1992 Ι
786 1952 924 1990 postque
944 1952 1028 1987 tuos,
1054 1949 1282 1987 Thrasimene,
1305 1950 1411 1990 lacus)
1435 1949 1644 1991 Fabiumque

103 2000 305 2037 morando,
329 1999 390 2032 sed
418 1999 503 2041 quid
541 2000 688 2033 Varroni
720 2010 799 2031 cum
832 2000 1087 2032 Trasimenno?
1126 2010 1188 2032 nec
1213 2001 1324 2033 multo
1353 2001 1475 2033 melius
1503 2002 1645 2034 Iebbius

109 2051 352 2091 Varronemque
370 2050 457 2091 fuya
481 2060 641 2091 maqnum
668 2050 877 2091 Fabiumque
901 2053 1094 2088 morantem,
1117 2049 1123 2094 Ι
1140 2054 1277 2092 postque
1301 2055 1385 2089 tuos,
1415 2052 1644 2090 Thrasimene,

104 2102 197 2134 lacus
215 2112 327 2143 quom
346 2102 478 2133 uincere
494 2105 615 2142 posset,
638 2099 643 2144 Ι
663 2102 827 2142 accepisse
846 2105 911 2133 etc.
927 2114 936 2139 ;
956 2112 1067 2143 neque
1086 2103 1178 2133 enim
1193 2105 1266 2134 tam
1286 2105 1366 2143 post
1379 2103 1644 2135 Trasimennum

104 2163 211 2194 quam
227 2156 308 2195 post
324 2152 460 2185 Cannas
475 2154 612 2185 uincere
627 2153 781 2194 potuisse
797 2152 982 2194 Carthago,
998 2163 1110 2194 neque
1128 2156 1201 2185 tam
1217 2154 1371 2195 potuisse
1386 2154 1523 2185 uincere
1539 2164 1646 2195 quam

104 2205 289 2236 uictoriam
312 2214 465 2246 sperasse
489 2207 597 2246 atque
620 2203 707 2235 adeo
731 2204 806 2235 uisa
828 2214 901 2235 esse
924 2204 1051 2235 uictrix
1074 2203 1221 2235 dicenda
1243 2207 1328 2235 erat.
1376 2204 1537 2246 equidem
1562 2205 1645 2237 mihi

105 2255 251 2288 uidebar
275 2258 311 2287 et
328 2255 544 2297 probabilem
568 2256 778 2287 sententiam
795 2258 832 2287 et
853 2256 1007 2297 argutias
1024 2255 1089 2287 1100
1113 2258 1218 2296 poeta
1235 2255 1330 2287 haud
1347 2255 1506 2297 indignas
1528 2260 1642 2288 muta-

106 2307 261 2339 tionibus
285 2307 401 2338 sinon
424 2307 544 2348 paucis
562 2309 600 2338 at
623 2306 708 2338 satis
725 2305 859 2338 lenibus
877 2307 924 2338 sic
947 2305 1103 2338 efficere:
1139 2306 1286 2346 quidue
1309 2309 1393 2344 tuos,
1415 2307 1647 2345 Trasimenne,

106 2357 211 2395 lacus,
243 2357 452 2398 Fabiumque
488 2359 670 2389 morantem
696 2356 775 2397 (hoc
808 2359 862 2389 est
890 2357 1061 2395 morando,
1093 2360 1134 2388 ut
1163 2357 1230 2389 Cic.
1262 2357 1305 2388 de
1334 2368 1404 2389 sen.
1436 2359 1479 2390 54
1508 2358 1648 2390 Laerten

107 2409 283 2441 lenientem
315 2407 528 2446 desiderium,
552 2408 639 2449 quod
666 2407 817 2449 capiebat
845 2418 860 2440 e
887 2408 975 2449 filio,
1004 2408 1193 2440 colentem
1221 2410 1353 2448 aqrum)
1375 2407 1380 2451 Ι
1406 2409 1650 2450 Varronemque

103 2460 191 2501 fuya
205 2463 393 2491 nanctum
409 2470 485 2501 qua
500 2460 633 2491 uincere
646 2463 757 2500 posset
770 2461 787 2491 ?
818 2459 909 2497 uide,
926 2462 1063 2501 praeter
1078 2468 1092 2491 1
1107 2460 1171 2492 790
1187 2462 1223 2491 et
1239 2459 1340 2501 Prop.
1358 2469 1402 2491 111
1417 2461 1437 2492 3
1454 2462 1474 2492 9
1489 2463 1526 2492 et
1540 2461 1648 2492 notis-

110 2512 215 2543 simos
234 2510 339 2542 Ennii
357 2511 565 2553 Vergiliique
584 2521 715 2549 uersae,
735 2510 809 2542 Liu.
829 2519 949 2542 XXVIII
967 2511 1010 2542 40
1032 2511 1072 2542 14
1090 2510 1222 2542 uincere
1241 2521 1296 2551 eqo
1315 2511 1473 2551 (Fabius)
1489 2511 1650 2552 prohibui

110 2561 350 2599 Hannibalem,
373 2565 409 2593 ut
430 2572 452 2593 a
473 2561 569 2594 uobis
591 2586 598 2593 .
618 2586 625 2594 .
645 2586 653 2593 .
672 2562 772 2594 etiam
794 2562 889 2593 uinci
909 2564 1029 2602 posset,
1053 2561 1128 2594 Val.
1152 2561 1244 2594 Max.
1275 2571 1328 2593 vn
1350 2563 1370 2594 3
1394 2563 1412 2594 7
1439 2562 1568 2594 Fabius
1584 2587 1592 2594 .
1612 2587 1618 2594 .
1640 2587 1648 2594 .

110 2614 209 2645 cuius
229 2623 298 2644 non
319 2613 478 2645 dimicare
498 2613 630 2645 uincere
646 2613 728 2654 fuit,
747 2613 836 2644 Flor.
861 2622 874 2644 1
895 2614 937 2644 22
959 2613 1000 2644 27
1025 2612 1155 2644 Fabius
1171 2637 1178 2644 .
1199 2637 1206 2644 .
1226 2637 1233 2644 .
1252 2623 1377 2644 nouam
1398 2613 1436 2645 de
1456 2613 1652 2646 Hannibale

111 2664 289 2696 uictoriam
309 2667 510 2696 commentus
531 2667 587 2702 est,
605 2675 674 2696 non
692 2674 855 2706 puynare,
878 2664 976 2695 Eutr.
1000 2673 1044 2695 111
1065 2665 1085 2695 9
1106 2664 1125 2694 3
1147 2664 1292 2705 (Fabius
1313 2664 1562 2705 Hannibalem)
1583 2665 1651 2706 dis-

105 2716 244 2757 serendo
262 2725 415 2756 puqnam
431 2715 471 2746 ab
493 2715 620 2756 impetu
635 2715 746 2757 freyn,
770 2726 845 2747 mox
862 2715 1002 2747 inuenta
1022 2715 1194 2747 occasione
1214 2715 1298 2747 uicit
1386 2715 1495 2746 40-42
1521 2715 1651 2748 deleuit

114 2767 304 2804 Bentleius,
329 2767 481 2808 primum
506 2766 647 2808 quidem
672 2767 810 2805 iniuria,
834 2766 983 2808 reliquos
1009 2766 1054 2798 ob
1079 2766 1207 2798 menda
1232 2766 1418 2799 manifesta
1507 2767 1549 2798 40
1575 2767 1650 2800 Val.

41 2831 49 2837 ·
112 2819 205 2850 Max.
219 2827 258 2850 VI
270 2819 291 2850 9
305 2819 325 2849 2
338 2818 485 2850 deuictae
503 2818 725 2859 Karthayinis
741 2818 927 2850 ceruicibus
946 2818 1093 2859 inposito
1109 2819 1195 2859 iuqo.
1247 2819 1342 2860 quod
1360 2819 1538 2852 Bentleius
1556 2830 1651 2851 arces

113 2871 234 2917 iugum
257 2870 410 2912 accipere
432 2873 548 2912 negat,
572 2869 720 2902 Iacobus
743 2870 878 2902 confert
899 2880 970 2902 non
992 2871 1106 2902 minus
1129 2869 1295 2902 audacter
1317 2870 1359 2902 de
1382 2870 1654 2904 Massiliensibus
