1872 3183
592 145 1078 188 ASTRONOMICON
1109 145 1177 187 IV
1603 149 1658 187 27

284 270 520 312 magnaque
538 260 717 297 naturae
736 255 971 297 cohibendo
991 269 1165 297 munera
1184 255 1324 297 frenat

161 338 226 370 190
284 345 356 372 ora
375 329 615 385 magisterio
634 330 839 385 nodisque
859 330 1039 372 coercita
1059 330 1199 385 Virgo.

158 411 227 444 202
283 419 357 446 nec
377 404 582 446 fecundus
602 404 682 446 erit
702 404 822 460 (quid
841 404 995 445 mirum
1014 404 1058 445 in
1076 403 1236 458 uirgine
1257 405 1292 456 Ζ)
1312 407 1474 458 partus.

335 478 537 520 librantes
556 483 726 519 noctem
744 478 895 520 Chelae
915 492 1013 520 cum
1031 483 1222 533 tempore
1240 477 1344 519 lucis

281 567 354 607 per
373 566 484 594 noua
504 552 662 593 maturi
681 557 779 607 post
798 566 959 593 annum
978 566 1153 593 munera
1173 551 1330 593 Bacchi

156 633 225 666 205
280 641 499 668 mensurae
518 626 708 668 tribuent
727 641 827 667 usus
847 640 895 668 ac
915 626 1103 680 pondera
1123 640 1263 667 rerum

281 706 324 742 et
342 700 604 742 Palamedeis
623 705 858 742 certantem
877 700 1038 742 uiribus
1058 706 1212 750 ortum,

115 846 368 886 perhorrescere,
394 847 493 878 Tusc.
521 856 565 878 111
593 847 633 878 19
658 846 799 888 inflatus
828 849 856 877 et
886 849 1016 878 tumens
1048 847 1185 877 animus
1211 846 1248 877 in
1273 846 1358 877 uitio
1384 849 1430 877 est
1454 846 1658 888 (praecessit

117 898 237 929 uitiose
269 908 302 929 se
335 898 453 938 habet),
488 897 530 929 de
551 897 608 929 off.
632 906 645 928 1
673 898 715 929 23
745 897 804 938 qui
829 900 939 928 autem
965 907 1033 928 non
1059 896 1205 938 defendit
1230 907 1288 928 nec
1314 897 1454 935 obsistit,
1481 897 1513 928 si
1540 900 1656 937 potest,

116 949 277 987 iniuriae,
308 952 375 980 tam
405 952 451 980 est
480 950 519 980 in
548 949 634 980 uitio
659 958 759 989 quam
785 949 816 979 si
839 952 994 988 parentes
1019 952 1079 979 aut
1107 949 1232 980 amicos
1261 951 1321 979 aut
1343 949 1494 988 patriam
1518 949 1656 986 deserat,

117 1001 160 1031 62
181 1010 218 1031 ea
237 1000 347 1031 animi
370 1000 468 1031 elatio
485 1024 492 1030 .
513 1024 520 1030 .
540 1024 547 1030 .
567 1001 604 1031 in
624 1000 710 1031 uitio
733 1002 789 1037 est,
810 999 852 1030 de
875 1009 938 1040 r.p.
961 1008 974 1030 1
994 1001 1038 1030 44
1060 1009 1143 1040 quae
1162 1009 1280 1039 qenera
1298 1002 1378 1030 sunt
1396 999 1435 1031 in
1455 999 1502 1030 eis
1521 999 1659 1039 sinyula

114 1051 225 1089 uitiis,
250 1061 333 1092 quae
356 1055 431 1082 ante
455 1051 540 1088 dixi,
561 1050 679 1083 deinde
703 1050 820 1081 habent
841 1050 1033 1090 perniciosa
1056 1051 1127 1082 alia
1151 1051 1248 1082 uitia.
1296 1051 1508 1082 sententiam
1531 1050 1656 1082 horum

115 1113 280 1134 uersuum
297 1103 362 1135 200
379 1113 430 1144 sq.
450 1106 486 1134 et
506 1104 569 1134 190
589 1101 780 1134 illustrabit
803 1102 921 1141 Quint.
945 1103 1024 1133 inst.
1045 1111 1098 1134 XII
1116 1104 1136 1133 5
1154 1103 1174 1133 2
1192 1102 1324 1134 inuitus
1341 1112 1392 1134 me
1409 1102 1555 1134 hercules
1571 1103 1657 1140 dico,

114 1154 275 1194 quoniam
296 1157 325 1185 et
345 1154 442 1186 aliter
462 1153 573 1193 accipi
590 1157 707 1193 potest,
726 1154 838 1193 ipsam
859 1154 1107 1191 uerecundiam,
1130 1154 1255 1185 uitium
1275 1154 1420 1194 quidem,
1438 1154 1495 1186 sed
1515 1154 1658 1186 amabile

116 1208 145 1236 et
162 1215 245 1245 quae
261 1205 402 1236 uirtutes
413 1204 579 1246 facillime
594 1208 731 1245 yeneret,
750 1215 818 1236 esse
833 1205 967 1236 interim
985 1205 1162 1237 aduersam
1175 1205 1353 1245 multisque
1369 1205 1408 1236 in
1420 1215 1525 1236 causa
1534 1204 1657 1246 fuisse,

116 1259 153 1287 ut
169 1256 256 1288 bona
271 1256 402 1297 inqenii
418 1257 586 1296 studiique
599 1256 636 1288 in
654 1256 759 1287 lucem
775 1266 843 1287 non
857 1256 991 1295 prolata
1004 1256 1072 1287 situ
1088 1256 1231 1296 quodam
1246 1256 1360 1288 secreti
1376 1260 1656 1288 consumerentur.

116 1308 200 1339 sciat
224 1311 345 1346 autem,
370 1308 402 1339 si
425 1308 501 1348 quis
525 1308 602 1339 haec
621 1307 707 1349 forte
731 1308 846 1339 minus
864 1307 971 1339 adhuc
992 1308 1123 1347 peritus
1147 1307 1377 1348 distinyuendi
1400 1307 1473 1339 uim
1496 1308 1659 1349 cuiusque

114 1358 209 1389 uerbi
225 1358 313 1399 ἱερεῦ,
330 1368 398 1390 non
411 1358 609 1398 probitatem
624 1369 645 1389 a
661 1368 711 1389 me
724 1358 890 1397 reprendi,
907 1358 964 1389 sed
979 1358 1225 1396 uerecundiam,
1242 1367 1326 1398 quae
1343 1361 1389 1389 est
1405 1358 1504 1389 timor
1519 1358 1658 1398 quidam

114 1410 274 1442 reducens
293 1409 447 1441 animum
467 1409 508 1441 ab
529 1410 576 1441 eis
597 1419 679 1450 quae
694 1409 855 1450 facienda
874 1413 979 1440 sunt:
1009 1409 1087 1440 inde
1103 1408 1255 1450 confusio
1276 1413 1304 1440 et
1323 1410 1430 1449 coepti
1447 1410 1659 1449 paenitentia

115 1464 144 1492 et
161 1461 309 1492 subitum
326 1461 508 1492 silentium.
557 1461 632 1501 quis
647 1470 748 1500 porro
766 1460 891 1492 dubitet
908 1460 1006 1492 uitiis
1023 1461 1206 1492 adscribere
1219 1460 1395 1501 adfectum,
1412 1464 1548 1500 propter
1561 1471 1658 1501 quem

108 1511 221 1553 facere
245 1512 375 1544 honeste
397 1513 532 1552 pudet?
620 1512 681 1543 201
708 1512 896 1549 cohibendo,
923 1511 1098 1550 cohibens,
1126 1511 1206 1543 uide
1232 1512 1276 1543 ad
1305 1513 1366 1544 173
1457 1515 1538 1553 post
1562 1512 1656 1544 1111110

114 1573 253 1595 uersum
283 1563 450 1595 collocaui
483 1563 554 1594 190.
603 1563 714 1594 multo
745 1564 872 1594 rectius
903 1573 964 1594 ora
994 1573 1101 1604 quam
1132 1573 1276 1595 munera
1306 1563 1434 1594 frenari
1465 1563 1654 1601 dicuntur;

111 1614 222 1646 isdem
256 1617 331 1646 tam
365 1615 529 1646 conuenit
563 1624 669 1655 quam
697 1624 718 1645 a
745 1614 884 1655 Virgine
911 1613 1075 1645 abhorret
1101 1614 1248 1645 coercita.
1298 1613 1399 1646 Ouid.
1428 1617 1510 1646 met.
1540 1623 1563 1646 v
1590 1616 1655 1648 643

104 1664 301 1706 frenisque
330 1665 496 1696 coercuit
528 1675 594 1696 ora
683 1674 747 1697 ora
779 1669 828 1697 GL
859 1664 934 1696 cod.
961 1665 1126 1702 Venetus,
1161 1670 1245 1703 opta
1268 1669 1314 1702 M,
1338 1664 1430 1696 unde
1454 1675 1517 1696 nec
1540 1669 1655 1706 coepta

111 1726 174 1748 nec
191 1727 266 1748 orsa
279 1716 470 1748 eruendum
484 1726 605 1748 censeo
696 1720 796 1749 nodis
807 1716 837 1753 *,
851 1720 940 1748 nodo
952 1717 1022 1747 iam
1037 1716 1197 1758 Scaliger,
1213 1721 1325 1749 nudos
1337 1716 1415 1748 libri
1509 1716 1516 1729 ‘
1531 1718 1653 1757 maqis-

110 1768 192 1800 terio
216 1768 364 1809 nodoque
388 1771 420 1800 ἐν
450 1770 501 1800 διὰ
528 1770 623 1805 δυοῖν,
653 1768 842 1809 magisterii
869 1767 984 1799 nodo’
1016 1767 1176 1809 Scaliger,
1206 1769 1266 1809 qui
1294 1768 1515 1809 comparauit
1539 1777 1563 1800 V
1587 1770 1653 1801 399

110 1819 235 1850 concha
254 1819 407 1860 ualloque
420 1819 553 1850 latentis
571 1822 608 1850 et
627 1818 746 1851 Claud.
767 1822 867 1860 nupt.
890 1818 982 1850 Hon.
1005 1820 1046 1850 78
1066 1819 1159 1850 nullo
1177 1819 1353 1851 constricta
1370 1819 1525 1850 Licentia
1543 1821 1629 1852 nodo
1646 1833 1654 1853 :

112 1870 202 1902 adde
218 1870 303 1902 Gen.
321 1879 345 1901 v
361 1871 381 1902 9
397 1871 417 1901 2
434 1870 538 1911 (filius
555 1870 670 1902 Croesi
686 1874 805 1901 mutus
822 1873 858 1901 et
873 1870 1019 1911 elinguis
1035 1870 1191 1910 habitus)
1208 1870 1336 1911 impetu
1350 1870 1494 1910 spiritus
1510 1871 1653 1904 uitium

111 1921 324 1961 nodumque
361 1921 518 1961 linquae
551 1921 645 1960 rupit
666 1921 832 1962 planeque
855 1923 884 1952 et
907 1921 1082 1952 articulate
1115 1921 1260 1953 elocutus
1284 1925 1340 1960 est,
1366 1922 1386 1953 6
1410 1921 1491 1952 oris
1521 1922 1653 1954 uincto

108 1973 250 2009 solutus,
276 1972 400 2004 lustin.
425 1981 495 2004 XIII
518 1973 537 2004 7
563 1973 583 2004 6
617 1972 773 2013 linquae
805 1973 918 2004 nodis
941 1973 1060 2004 solutis
1084 1973 1174 2014 loqui
1195 1974 1347 2013 primum
1369 1974 1485 2015 coepit.
1535 1974 1653 2016 infans

111 2023 221 2063 pudor
239 2023 407 2055 Horatius
426 2033 526 2055 serm.
548 2032 562 2054 Ι
581 2024 601 2055 6
620 2025 661 2055 57
752 2024 816 2055 202
835 2027 920 2061 quid
939 2028 984 2061 Μ,
1005 2028 1097 2061 quod
1122 2028 1172 2056 GL
1261 2028 1299 2057 111
1317 2025 1392 2063 GL2,
1412 2037 1480 2059 om.
1502 2031 1560 2059 ΒΜ

155 2083 184 2105 11
201 2075 266 2106 238
282 2074 406 2106 sterilis
427 2074 526 2115 Viryo
543 2077 589 2106 est
678 2075 830 2106 203—216
846 2074 951 2106 Libra
967 2074 1097 2117 figurae
1114 2086 1196 2107 suae
1213 2079 1249 2107 et
1266 2078 1511 2118 aequinoctiali
1528 2081 1651 2120 poten-

110 2126 181 2157 tiae
206 2128 435 2167 congruenter
458 2125 565 2157 faciet
588 2125 848 2167 ponderatores,
871 2136 1056 2164 mensores,
1084 2127 1331 2165 calculatores;
1362 2129 1484 2160 eadem
1509 2134 1652 2171 propter

108 2177 294 2215 iustitiam,
313 2177 355 2208 de
373 2187 443 2218 qua
460 2176 540 2208 uide
557 2176 603 2208 ad
620 2186 663 2208 ΠΙ
680 2178 756 2215 305,
773 2177 1045 2209 iurisconsultos.
1094 2177 1188 2209 Vett.
1208 2178 1283 2210 val.
1303 2190 1336 2220 p.
1359 2181 1398 2211 10
1419 2181 1522 2212 18-21
1544 2183 1652 2222 Ζυγὸσ-

138 2252 146 2260 .
165 2252 173 2260 .
193 2230 353 2269 προεστὸσ
370 2252 378 2260 .
397 2252 404 2260 .
424 2252 432 2259 .
452 2231 615 2268 σταθμῶν,
660 2230 792 2270 μέτρων,
827 2228 990 2260 C.C.A.G.
1023 2237 1046 2259 V
1071 2229 1082 2259 i
1107 2239 1141 2270 p.
1171 2230 1233 2261 187
1267 2231 1310 2260 24
1346 2234 1387 2262 τὰ
1419 2233 1452 2263 δὲ
1485 2235 1649 2274 ἰσημερινὰ,

111 2282 182 2312 τοΐσ
214 2282 264 2312 διὰ
298 2282 450 2318 σταθμῶν
483 2282 723 2321 (ἐργαζομένοισ
759 2281 946 2319 ἐπιτήδεια),
978 2279 1082 2311 Firm.
1118 2288 1141 2311 V
1178 2281 1193 2311 l
1232 2281 1272 2312 19
1308 2281 1340 2312 si
1375 2281 1576 2323 horoscopus
1612 2283 1650 2315 in

111 2331 214 2363 Libra
227 2330 333 2372 suerit
353 2331 523 2367 inuentus,
595 2355 602 2362 .
622 2331 682 2362 erit
702 2330 780 2362 talis
800 2331 858 2371 qui
878 2331 916 2362 in
935 2330 1090 2362 omnibus
1109 2334 1232 2363 rectum
1251 2332 1333 2364 uelit
1352 2333 1467 2365 habere
1482 2334 1651 2367 iudicium

198 2383 262 2413 203
271 2386 442 2415 librantes
453 2381 553 2413 codd.
570 2382 659 2413 Flor.
675 2385 711 2413 et
726 2381 824 2413 Bodl.
841 2385 878 2413 et
890 2383 926 2413 in
939 2385 963 2414 L
975 2393 1066 2414 man.
1082 2393 1162 2420 rec.,
1177 2386 1330 2415 libantes
1344 2388 1439 2423 GLM,
1453 2387 1649 2419 contrarius

104 2444 202 2465 error
218 2442 247 2465 11
263 2434 306 2466 56
395 2438 534 2466 noctem
550 2438 583 2465 Μ
599 2437 635 2465 et
652 2436 714 2464 aut
736 2437 759 2465 L
784 2436 847 2465 aut
871 2433 919 2471 L²,
943 2438 1045 2466 nocte
1069 2437 1095 2465 G
1117 2434 1192 2465 cod.
1220 2434 1374 2467 Venetus
1396 2439 1432 2468 et
1453 2436 1602 2470 fortasse
1627 2442 1651 2470 1.

197 2488 317 2517 chelae
330 2484 415 2522 L2M,
431 2489 588 2517 cheleum
601 2489 635 2522 L,
651 2488 784 2517 celeum
799 2488 835 2520 G.
851 2488 1030 2516 chelarum
1045 2486 1126 2525 (om.
1143 2486 1233 2525 cum)
1247 2486 1322 2518 cod.
1340 2487 1494 2519 Venetus
1584 2489 1649 2520 204

108 2545 170 2577 per
188 2539 410 2574 autumnum,
429 2538 507 2567 tum
524 2546 605 2568 cum
622 2546 754 2567 nouum
773 2539 929 2567 mustum
948 2535 1035 2567 dant
1053 2546 1143 2568 uuae
1161 2540 1242 2578 post
1260 2538 1342 2569 anni
1359 2539 1585 2571 interuallum
1603 2540 1649 2572 ad

109 2587 352 2619 maturitatem
368 2587 566 2628 perductae.
612 2597 673 2627 per
688 2598 758 2618 non
775 2587 926 2619 multum
943 2587 1061 2619 differt
1077 2587 1122 2619 ab
1139 2587 1234 2626 inter,
1252 2592 1293 2620 ut
1312 2591 1373 2622 153
1390 2600 1440 2631 sq.
1456 2600 1517 2630 per
1533 2592 1649 2623 uarios

107 2641 226 2670 cantus
242 2637 474 2678 modulataque
488 2638 624 2670 uocibus
639 2649 697 2670 ora
718 2637 722 2681 Ι
743 2641 770 2669 et
784 2638 920 2679 yracilis
935 2638 1091 2676 calamos,
1107 2648 1120 2670 1
1135 2640 1200 2670 816
1212 2649 1273 2679 per
1287 2640 1432 2681 inqentis
1447 2665 1455 2673 .
1475 2665 1482 2672 .
1502 2666 1509 2673 .
1528 2645 1646 2674 motus.

107 2693 248 2731 tempus
267 2690 349 2721 anni
367 2689 573 2721 describitur
591 2690 698 2721 etiam
716 2691 751 2721 in
771 2690 885 2721 Tauro
906 2691 1013 2721 144-'7
1032 2693 1068 2721 et
1087 2689 1228 2732 Scorpio
1247 2691 1312 2723 218
1330 2702 1394 2733 sq.:
1427 2692 1516 2724 adde
1534 2702 1564 2725 11
1582 2694 1648 2726 658

106 2751 158 2782 sq.
197 2741 366 2772 Bacchum
382 2765 389 2772 .
409 2765 417 2772 .
436 2765 443 2772 .
463 2741 661 2773 ministrans
682 2739 686 2784 Ι
705 2741 810 2773 Libra
841 2744 877 2772 et
910 2750 953 2773 111
986 2742 1127 2774 658-63.
1176 2742 1287 2774 multo
1321 2744 1430 2785 magis
1463 2744 1650 2778 abundant

110 2803 200 2834 quae
216 2792 259 2824 de
275 2792 363 2824 Vrsa
379 2792 544 2823 dicuntur
559 2801 573 2823 1
590 2793 654 2824 620
671 2802 721 2833 sq.
813 2792 876 2823 205
893 2802 1079 2825 mensurae
1092 2796 1128 2830 G,
1141 2802 1308 2826 mensura
1324 2799 1360 2827 et
1375 2798 1444 2832 ΕΜ,
1461 2805 1648 2829 mensurae

106 2847 144 2876 et
156 2842 205 2881 L2,
219 2852 404 2876 mensurae
416 2847 455 2875 at
469 2842 543 2874 cod.
561 2843 714 2875 Venetus
804 2846 960 2881 pondera
976 2847 1035 2880 GL,
1050 2847 1211 2883 tempora
1221 2848 1255 2877 Μ
1345 2846 1408 2877 206
1421 2850 1539 2879 ortum
1551 2851 1648 2886 ΘΒΜ,
