1872 3183
607 136 1092 180 ASTRONOMICON
1123 136 1189 176 IV
1605 137 1660 176 79

288 247 474 288 truditur
494 245 691 295 inuitum,
712 245 937 300 faucesque
957 244 1181 299 Propontis
1201 249 1348 299 aperto

288 321 456 362 Euxino
476 320 658 375 iniungit
677 325 809 374 ponto
829 320 1006 361 Maeotis
1026 324 1070 361 et
1088 318 1225 368 undis,

125 530 167 559 ut
192 527 341 559 inuitum
366 526 410 558 ad
435 536 525 558 mare
550 526 744 558 referretur.
793 525 932 557 Ellisius
958 528 994 557 et
1021 525 1197 557 Breiterus
1221 525 1358 565 penitus
1384 523 1588 557 aduerbium
1616 525 1661 555 ab

124 577 255 609 Iacobo
276 578 467 619 repositum
489 587 552 618 pro
573 577 834 618 praepositione
859 580 1082 617 acceperunt,
1101 576 1241 607 Ellisius
1261 576 1401 616 quidem
1420 575 1656 607 soloecismum

124 629 288 661 laudibus
317 631 521 670 prosecutus
611 628 674 659 616
705 627 855 659 inuitum
885 627 1080 658 illustratur
1110 627 1211 658 Plinii
1242 626 1356 658 uerbis
1386 626 1455 658 n.h.
1490 635 1527 658 V1
1561 628 1575 658 l
1608 637 1659 667 sq.

126 690 195 711 non
208 680 323 721 suerat
343 679 425 710 satis
445 679 574 710 Oceano
590 703 597 710 .
615 703 622 710 .
639 703 647 710 .
661 689 722 719 per
741 679 996 719 Hellespontum
1012 678 1221 718 Propontida
1241 677 1408 718 infudisse
1427 678 1546 709 iterum
1566 678 1664 708 terris

124 731 292 763 deuoratis
309 741 321 762 .·
352 741 373 762 a
394 731 543 771 Bosporo
561 740 688 770 quoque
706 730 744 761 in
764 730 869 761 alium
883 730 1073 760 uastitatem
1089 729 1254 769 panditur
1274 729 1371 760 nulla
1390 729 1539 760 satietate
1562 729 1661 760 donec

125 782 329 822 exspatianti
352 783 445 814 lacus
469 781 613 812 Maeotii
637 781 796 821 rapinam
815 791 913 812 suam
933 781 1085 820 iunqant.
1134 780 1280 811 inuitis
1302 780 1360 811 hoc
1384 780 1543 812 accidisse
1567 783 1664 811 terris

124 834 253 866 indicio
277 836 355 865 sunt
378 836 422 864 tot
445 833 620 872 unqu-stiae
643 836 739 873 atque
763 836 831 864 tam
851 842 965 872 parua
988 835 1129 863 naturae
1152 832 1372 872 repuqnantis
1395 831 1574 863 interualla

168 888 350 924 propontis
361 884 520 923 aperto*,
531 887 760 923 propontidos
771 887 855 922 apto
866 883 953 920 libri,
966 886 1074 914 arctae
1087 883 1356 914 Bonincontrius
1366 883 1401 914 in
1413 883 1665 914 commentario

126 939 162 967 et
178 935 369 973 Dulciuius,
386 935 506 966 melius
523 935 705 976 aliquanto
722 934 898 967 Bentleius
914 938 1015 971 artas,
1033 944 1114 965 cum
1130 934 1206 975 ipsa
1222 933 1409 975 Propontis
1427 937 1503 965 arta
1519 944 1588 965 non
1604 934 1660 965 sit.

125 997 246 1019 uerum
273 987 450 1018 enimuero
478 987 619 1018 Euxino
647 997 717 1018 non
746 985 993 1027 Hellespontus
1021 985 1253 1026 Propontidos
1279 985 1399 1016 fauces
1427 986 1576 1026 iniungit
1602 985 1663 1017 sed

126 1038 311 1080 Propontis
338 1048 428 1076 suas,
452 1037 516 1070 hoc
539 1040 593 1069 est
617 1038 812 1079 Bosporum
835 1037 1029 1069 Thracium.
1081 1036 1161 1068 uide
1187 1039 1258 1078 περὶ
1281 1038 1373 1075 κόσμ.
1402 1046 1434 1077 p.
1464 1037 1544 1069 393ἰι
1566 1036 1624 1068 fin.
1647 1038 1663 1068 ὁ

126 1092 265 1129 Πόντοσ,
287 1092 321 1122 οὗ
337 1092 374 1122 τὸ
388 1092 446 1128 μὲν
462 1091 660 1129 μυχαίτατον
679 1091 826 1121 Μαιῶτισ
851 1091 1007 1127 καλεῖται,
1034 1090 1070 1120 τὸ
1095 1091 1129 1120 δὲ
1153 1090 1211 1126 ἔξω
1235 1090 1317 1129 πρὸσ
1340 1090 1395 1120 τὸν
1418 1088 1662 1127 Ἑλλήσποντον

124 1144 402 1180 συνανεστόμωται
418 1141 458 1181 τῇ
475 1143 653 1181 καλουμένῃ
671 1143 877 1181 Προποντίδι,
898 1139 1019 1171 Aesch.
1041 1140 1132 1171 Pers·
1153 1140 1216 1171 877
1235 1149 1285 1180 sq.
1305 1141 1404 1180 μυχία
1422 1153 1456 1171 τε
1476 1142 1662 1181 Προποντὶσ

125 1195 178 1224 καὶ
194 1195 345 1231 στόμωμα
362 1195 495 1231 Πόντου,
515 1192 619 1223 schol.
641 1195 655 1224 ὀ
674 1194 852 1232 Βόσποροσ,
873 1191 993 1232 Polyb.
1019 1200 1056 1222 IV
1086 1192 1128 1223 39
1152 1192 1173 1222 4
1190 1193 1227 1222 τὸ
1248 1194 1281 1222 δὲ
1304 1194 1360 1222 τοῦ
1382 1192 1505 1223 Πόντου
1528 1193 1661 1231 (στόμα)

126 1246 312 1283 ὀνομάζεται
327 1246 384 1282 μὲν
402 1245 570 1284 Βόσποροσ
587 1244 736 1284 Θρᾴκιοσ,
760 1242 883 1284 Porph.
905 1242 949 1273 ad
973 1242 1055 1273 Hor.
1078 1252 1182 1273 carm.
1206 1251 1233 1273 Π
1256 1243 1350 1274 1314
1370 1241 1666 1283 Bosporussauces

125 1298 203 1326 sunt
237 1295 370 1326 Pontici
406 1295 520 1331 maris,
557 1294 645 1326 Plin.
670 1294 739 1325 n.h.
765 1303 804 1325 rx
834 1295 876 1325 50
907 1294 1023 1333 euripo
1055 1292 1195 1324 Thracii
1225 1293 1369 1333 Bospori
1395 1303 1458 1333 quo
1482 1293 1666 1334 Propontis

130 1346 266 1378 Euxino
297 1346 459 1386 iunqitur,
494 1345 594 1378 Ouid.
632 1346 721 1376 trist.
754 1354 767 1376 1
803 1346 843 1376 10
876 1345 915 1376 31
949 1354 999 1385 sq.
1033 1354 1179 1384 quaeque
1212 1347 1321 1376 tenent
1356 1344 1460 1376 Ponti
1497 1345 1664 1385 Byzantia

125 1398 223 1430 litora
241 1397 389 1438 fauces:
411 1396 415 1440 Ι
436 1397 489 1428 hic
514 1397 605 1428 locus
631 1400 676 1428 est
700 1396 826 1437 yemini
850 1396 957 1428 ianua
981 1399 1080 1427 uasta
1104 1395 1210 1426 maris
1233 1395 1284 1435 (id
1307 1398 1372 1432 est,
1396 1395 1432 1427 in
1457 1405 1526 1436 quo
1550 1406 1664 1427 errare

124 1449 238 1480 solent
260 1449 477 1489 interpretes,
508 1450 634 1479 Πόντου
663 1449 871 1484 διθαλάσσου,
901 1446 1016 1479 Strab.
1053 1455 1082 1478 11
1116 1456 1148 1487 p.
1189 1447 1263 1483 124,
1293 1446 1395 1477 Dion.
1432 1448 1518 1486 156).
1566 1458 1664 1488 prae-

122 1501 225 1542 cipue
262 1510 344 1531 uero
380 1498 661 1531 emendationem
698 1508 812 1530 meam
855 1498 1064 1529 confirmant
1101 1497 1260 1539 Dionysii
1296 1508 1416 1529 uersus
1452 1499 1562 1535 140-7,
1604 1499 1665 1530 ubi

124 1550 338 1593 Propontide
362 1553 635 1582 commemorata
659 1550 699 1591 τῇ
732 1551 758 1581 δ’
791 1551 844 1581 ἐπί
875 1550 991 1590 inquit
1023 1551 1170 1590 Θρηικίου
1198 1552 1300 1588 στόμα
1330 1551 1506 1591 Βοσπόρου,
1540 1549 1666 1581 deinde

125 1605 161 1634 ἐκ
203 1605 235 1634 δὲ
273 1605 329 1634 τοῦ
367 1604 561 1642 οἷ’γόμενοσ
599 1603 890 1642 παραπέπταται
929 1602 1061 1642 ἀνδράσι
1102 1603 1249 1633 Πόντοσ
1268 1599 1272 1643 Ι
1289 1603 1415 1633 πολλὸσ
1453 1603 1522 1633 ἐών.
1572 1604 1666 1633 recte

124 1657 245 1685 autem
279 1653 419 1695 proprio
453 1652 610 1694 epitheto
645 1652 892 1693 superadditur
927 1651 1119 1692 qualitatis,
1155 1654 1196 1683 ut
1232 1651 1338 1683 Lucil.
1375 1662 1429 1693 ap.
1462 1652 1587 1694 Porph.
1620 1652 1664 1684 ad

126 1705 211 1736 Hor.
248 1714 352 1736 carm.
387 1713 401 1736 1
430 1705 449 1736 7
482 1705 497 1736 l
532 1703 669 1735 Rhodus
703 1703 959 1744 Carpathium
986 1703 1024 1734 in
1054 1703 1216 1743 pelayus
1244 1714 1278 1734 se
1309 1703 1452 1734 inclinat
1480 1707 1664 1744 apertum.

125 1755 250 1788 catull.
284 1757 305 1787 4
337 1757 358 1788 9
390 1759 512 1787 trucem
544 1756 724 1787 Ponticum
757 1755 883 1792 sinum,
912 1755 1010 1795 Verg.
1037 1754 1120 1785 Aen.
1144 1763 1169 1785 X
1192 1755 1256 1785 252
1287 1754 1379 1786 alma
1399 1765 1523 1795 parens
1549 1755 1665 1792 Idaea,

127 1808 228 1849 Prop.
263 1816 307 1838 111
340 1808 360 1839 3
390 1808 411 1839 9
441 1817 490 1848 sq.
516 1816 668 1847 pugnam
697 1807 871 1838 sinistram
893 1805 897 1845 Ι
918 1806 1139 1843 Cannensem,
1175 1806 1297 1837 statim
1326 1806 1419 1837 Man.
1452 1815 1490 1837 Iv
1520 1807 1584 1838 638
1612 1817 1664 1848 sq.

126 1859 245 1891 uicina
271 1859 409 1890 Corsica
435 1858 542 1890 litora.
591 1862 668 1899 apto
696 1858 744 1889 sic
772 1868 833 1899 per
861 1857 1106 1898 compendium
1134 1860 1299 1888 notatum
1326 1867 1406 1889 cum
1435 1858 1548 1889 uisum
1576 1862 1667 1890 esset

127 1913 216 1950 apto,
239 1909 398 1941 librarius
418 1909 637 1950 propontidos
658 1908 742 1940 fecit
764 1911 907 1950 propter
930 1911 1104 1944 metrum;
1141 1918 1355 1949 quamquam
1378 1909 1485 1940 etiam
1508 1910 1580 1941 sine
1604 1910 1668 1941 tali

127 1971 233 1994 causa
250 1959 464 2002 propontidis
484 1970 546 2001 pro
567 1960 784 1991 nominatiuo
807 1960 975 2001 scriptum
996 1962 1049 1990 est
1070 1959 1152 1990 Isid.
1175 1960 1258 2001 orig.
1279 1968 1349 1990 X111
1372 1961 1412 1991 16
1432 1961 1463 1992 9.
1511 1960 1670 1992 similiter

127 2012 188 2044 sed
201 2012 238 2044 in
252 2012 462 2044 contrariam
476 2014 612 2053 partem
627 2014 810 2052 peccatum
825 2014 878 2042 est
892 2011 984 2042 Man.
1002 2020 1024 2042 v
1039 2012 1092 2047 49,
1109 2011 1169 2042 ubi
1183 2021 1245 2052 pro
1258 2011 1405 2051 persida,
1421 2011 1516 2052 quod
1528 2013 1668 2052 persida

128 2065 243 2096 uisum
267 2066 354 2100 erat,
379 2067 437 2095 LM
459 2072 520 2103 per
543 2062 654 2094 sidera
677 2062 855 2099 exhibent,
887 2062 1178 2103 praepositionem
1204 2062 1305 2093 metri
1329 2063 1441 2103 gratia
1466 2062 1667 2096 abiecerunt

129 2116 193 2148 GL²
281 2115 344 2147 617
365 2118 521 2153 iniungit
541 2118 575 2146 Μ
596 2113 671 2145 cod.
691 2114 855 2150 Venetus,
877 2117 915 2145 in
938 2118 1053 2150 iungit.
1072 2117 1107 2150 L,
1130 2115 1245 2151 iungit
1266 2113 1330 2145 GL²
1420 2113 1566 2146 Maeotis
1586 2115 1666 2147 sub-

127 2166 325 2198 stantiuum
345 2165 507 2197 Manilius
528 2167 564 2196 et
585 2164 639 2195 hic
661 2167 697 2196 et
719 2165 783 2196 678
808 2164 931 2195 Latine
949 2163 1147 2200 decimauit,
1169 2163 1466 2204 quemadmodum
1483 2168 1564 2196 ante
1585 2176 1665 2197 eum

130 2218 263 2249 Ennius
278 2227 332 2258 ap.
349 2216 416 2248 Cic.
433 2217 532 2248 Tusc.
549 2225 572 2247 v
587 2217 629 2248 49
643 2225 749 2256 supra
763 2215 908 2246 Maeotis
920 2214 1061 2256 paludes
1074 2218 1110 2246 et
1124 2214 1240 2247 Cicero
1255 2214 1297 2246 de
1312 2215 1332 2246 l.
1350 2225 1419 2256 agr.
1436 2224 1465 2247 11
1478 2217 1520 2247 52
1536 2216 1670 2249 Maeote

129 2273 157 2301 et
170 2269 240 2301 illis
249 2268 433 2309 paludibus
449 2280 456 2304 ;
481 2278 593 2308 neque
606 2267 706 2299 aliter
719 2267 817 2303 ullus,
831 2266 926 2307 quod
938 2267 1077 2303 sciatur,
1091 2270 1273 2307 poetarum
1287 2266 1426 2298 Lucano
1438 2269 1668 2308 superiorum,

128 2330 212 2352 nam
228 2319 397 2352 Maeotide
413 2318 514 2351 Ouid.
532 2329 575 2350 ex
592 2318 694 2350 Pont.
713 2327 756 2349 111
772 2319 792 2349 2
809 2320 851 2349 59
868 2317 1079 2349 adiectiuum
1095 2320 1158 2349 est.
1206 2328 1330 2358 nempe
1348 2317 1514 2350 barbarae
1530 2319 1668 2361 paludis

129 2382 256 2404 nomen
274 2371 461 2403 barbarum
480 2371 598 2412 potius
618 2379 724 2411 quam
750 2369 921 2401 Graecum
945 2369 1144 2410 putabant;
1170 2369 1260 2400 sicut
1281 2369 1425 2401 Ouidius
1444 2371 1514 2402 her.
1528 2380 1566 2403 vr
1592 2373 1668 2409 107,

129 2424 195 2455 etsi
212 2423 282 2454 iam
307 2423 417 2455 Varro
439 2421 540 2453 huius
569 2421 737 2453 Tanaidis
758 2431 828 2452 non
854 2420 955 2452 huius
982 2421 1113 2452 Tanais
1137 2423 1178 2452 ut
1203 2421 1409 2452 scriberetur
1431 2429 1666 2464 praeceperat,

129 2473 236 2506 nihilo
250 2474 364 2518 minus
376 2473 530 2506 Sallustii
540 2472 698 2514 exemplo
712 2473 826 2503 Tanai
836 2473 952 2513 posuit
963 2471 1118 2503 ablatiuo
1131 2481 1224 2510 casu,
1238 2472 1445 2514 prohibente
1457 2484 1540 2505 sane
1553 2478 1666 2508 metro

127 2537 173 2559 ne
193 2526 328 2559 Graeca
346 2525 461 2557 forma
481 2528 650 2557 uteretur.
698 2523 759 2555 sed
782 2523 848 2554 hue
871 2533 942 2554 non
964 2523 1116 2564 pertinet
1138 2522 1233 2564 quod
1256 2523 1316 2564 qui
1351 2531 1390 2554 rx
1425 2525 1490 2556 710
1513 2524 1667 2565 Syrtidos

131 2579 286 2619 Σύρτιδοσ
302 2575 440 2617 scripsit
455 2574 616 2607 Lucanus
628 2574 721 2606 idem
740 2583 753 2606 1
770 2575 833 2607 367
851 2584 931 2607 cum
944 2573 1074 2606 Seneca
1090 2577 1126 2605 et
1143 2574 1224 2606 Silio
1240 2574 1352 2614 Syrtis
1365 2577 1512 2616 Σύρτεωσ
1530 2576 1668 2615 maluit,

128 2639 242 2670 neque
263 2627 372 2669 magis
392 2626 487 2668 quod
508 2626 600 2658 Osiri
620 2625 796 2658 ablatiuus
815 2625 942 2667 legitur
962 2625 1039 2657 qu.
1062 2634 1131 2657 vm
1150 2626 1203 2658 29.
1250 2625 1475 2667 Calpurnium
1498 2626 1573 2659 buc.
1597 2638 1625 2660 11
1645 2630 1666 2662 9

133 2679 258 2721 Thyrsi
284 2689 347 2720 pro
377 2677 541 2718 Thyrside
566 2677 721 2719 posuisse
748 2677 899 2709 Huetius
926 2676 1124 2714 adnotauit,
1152 2676 1247 2718 quod
1273 2680 1309 2708 et
1335 2677 1487 2709 Neuium
1513 2678 1604 2721 fugit
1630 2684 1666 2712 et

129 2733 165 2765 O.
189 2732 230 2764 A.
253 2730 466 2763 Zwienerum
487 2729 593 2760 Bresl.
617 2728 699 2770 phil.
723 2728 896 2760 Abhandl.
920 2728 986 2760 uol.
1009 2737 1049 2760 rx
1069 2728 1152 2760 fasc.
1177 2729 1220 2766 6;
1255 2728 1410 2761 Valerius
1432 2729 1575 2763 Flaccus
1596 2742 1665 2773 quo

129 2794 212 2816 casu
226 2792 340 2825 quoue
354 2791 456 2813 sensu
470 2779 616 2812 Maeotis
630 2780 828 2812 adhibuerit
841 2789 880 2812 vl
893 2781 958 2812 565
971 2780 1142 2812 incertum
1156 2783 1219 2812 est.
1267 2779 1362 2821 quod
1375 2784 1494 2813 autem
1509 2782 1666 2816 Bentleio

128 2833 327 2868 incredibile
360 2831 557 2870 uidebatur,
589 2835 630 2864 ut
662 2831 834 2869 Manilius,
867 2841 946 2864 cum
979 2841 1081 2863 uersu
1112 2832 1224 2874 priore
1256 2831 1478 2873 Propontidos
1510 2832 1670 2873 dixisset,
