1872 3183
150 144 201 183 10
736 139 797 180 M.
831 137 1084 180 MANILII

204 259 248 291 60
304 250 479 292 uulnera
498 264 583 291 non
602 249 746 304 potuit
765 264 772 290 :
809 253 903 290 toto
923 252 1143 303 spectante
1163 253 1327 298 senatu,

305 325 506 366 indicium
527 324 677 365 dextra
696 323 880 365 retinens
900 336 1152 377 nomenque,
1173 337 1318 364 cruore

306 399 463 441 deleuit
481 398 665 454 proprio,
686 402 859 452 possent
879 402 928 438 ut
947 397 1113 438 uincere
1133 396 1237 438 fata.

307 474 409 529 quid
428 487 646 514 numerem
666 486 832 514 euersas
851 471 975 512 urbes
995 485 1224 526 regumque
1243 471 1398 520 ruinas,

307 549 434 603 inque
454 562 554 602 rogo
574 548 774 589 Croesum
793 546 1034 600 Priamique
1053 546 1097 586 in
1116 545 1237 586 litore
1257 550 1470 595 truncum,

206 631 250 662 65
307 623 373 665 cui
394 637 469 663 nec
491 621 614 663 Troia
634 635 759 676 rogus
779 622 793 662 2
850 620 953 675 quid
973 621 1157 669 Xerxen,
1179 621 1315 661 maius
1336 625 1379 661 et
1399 620 1492 675 ipso

307 697 576 751 naufragium
595 696 744 751 pelago
764 696 780 737 Ζ
840 695 942 750 quid
962 700 1088 749 capto
1109 695 1310 749 sanguine
1329 708 1468 749 regem

308 771 513 813 Romanis
532 771 734 826 positum,
755 775 985 825 raptosque
1006 784 1057 810 ex
1076 769 1242 824 ignibus
1261 769 1377 824 ignes

309 846 613 900 cedentemque
632 845 724 887 uiro
745 844 961 886 flammam
983 858 1091 898 quae
1110 843 1270 898 templa
1290 844 1453 885 ferebat
1474 844 1488 885 2

144 1002 249 1030 οὕτωσ
269 1000 508 1039 ἀπροσδόκητον
534 999 579 1029 ὼσ
604 999 788 1037 ἀφύλακτον
814 999 892 1027 εἶναι
917 997 953 1028 τὸ
979 996 1197 1036 πεπρωμένον,
1223 997 1291 1027 ἐπεὶ
1310 997 1361 1027 καὶ
1380 996 1496 1034 σημεῖα
1520 995 1691 1033 θαυμαστὰ

146 1053 197 1083 καὶ
226 1052 382 1090 φάσματα
411 1052 552 1089 φανῆναι
579 1051 721 1089 λέγουσι,
751 1048 841 1090 App.
873 1047 951 1079 bell.
987 1048 1051 1079 ciu.
1086 1056 1117 1080 11
1151 1047 1213 1079 116
1247 1046 1303 1078 fin.
1339 1049 1419 1087 χρῆν
1450 1048 1514 1088 ’γὰρ
1544 1048 1564 1078 ἃ
1591 1047 1690 1086 ἐχρῆν

147 1104 287 1143 Καίσαρι
310 1103 474 1142 γενέσθαι,
501 1101 593 1133 Cass.
620 1100 723 1131 Dion.
750 1101 793 1131 44
819 1101 858 1131 17
886 1101 901 1131 l
929 1101 1036 1139 ἐκείνῳ
1061 1101 1094 1130 δὲ
1118 1101 1293 1139 προέλεΎον
1318 1101 1375 1136 μὲν
1400 1101 1451 1130 καὶ
1475 1100 1609 1137 μάντεισ
1632 1099 1691 1135 τὴν

147 1156 333 1195 ἐπιβουλὴν,
355 1155 510 1194 προέλεγε
534 1154 569 1184 δὲ
594 1155 645 1183 καὶ
670 1153 816 1192 ὀνείρατα
840 1175 847 1182 .
868 1175 875 1182 .
896 1175 903 1182 .
926 1152 966 1182 18
985 1151 1004 1183 3
1022 1149 1106 1186 ἀλλ’,
1121 1153 1183 1181 ἔδει
1200 1152 1264 1191 ’γὰρ
1280 1152 1372 1182 αὑτὸν
1390 1152 1461 1182 τότε
1478 1150 1689 1188 μεταλλάξαι,

146 1207 235 1237 οὐδὲν
264 1210 335 1237 οὔτε
360 1207 473 1236 τούτου
500 1206 683 1244 ἐφρόντισεν
711 1205 781 1234 οὔτε
809 1204 899 1234 τινὸσ
925 1204 984 1240 τὴν
1011 1203 1186 1242 ἐπιβουλήν
1219 1204 1247 1232 οἵ.
1271 1205 1449 1240 μηνύοντοσ
1480 1204 1606 1240 ἤκουσε,
1640 1202 1693 1231 καὶ

146 1259 274 1298 βιβλίον
298 1270 329 1287 τι
354 1255 427 1296 παρ’
449 1258 545 1287 αὐτοῦ
572 1258 693 1295 λαβὼν,
719 1257 750 1286 ἐν
779 1253 804 1294 ᾧ
834 1255 940 1285 πάντα
970 1255 1010 1285 τὰ
1043 1256 1125 1294 πρὸσ
1152 1255 1210 1291 τὴν
1238 1255 1381 1285 ἐπίθεσιν
1408 1253 1695 1294 παρεσκευασμένα

147 1310 290 1349 ἀκριβῶσ
316 1310 546 1348 ἐνεγέγραπτο,
574 1309 628 1337 οὐκ
653 1309 776 1346 ἀνέγνω
800 1307 937 1343 νομίσασ
961 1304 1046 1336 ἄλλο
1069 1318 1099 1336 τι
1124 1306 1202 1336 αὐτὸ
1224 1307 1287 1336 τῶν
1312 1307 1366 1336 οὐκ
1390 1306 1583 1344 ἐπειγόντων
1608 1305 1695 1343 ἔχειν

236 1359 278 1391 60
298 1359 337 1390 61
359 1359 580 1401 interpunxit
598 1358 776 1390 Bentleius
867 1357 906 1387 61
925 1359 1090 1388 inditium
1113 1360 1173 1394 GL,
1190 1358 1359 1388 iudicium
1381 1359 1415 1387 Μ
1508 1355 1601 1387 Suet.
1626 1354 1693 1387 Iul.

151 1411 190 1443 81
216 1412 237 1442 4
260 1411 380 1452 quinta
395 1410 467 1452 sere
489 1409 570 1442 liora
593 1419 785 1450 progressus
809 1411 855 1440 est
876 1407 1086 1449 libellumque
1109 1407 1316 1440 insidiarum
1345 1407 1490 1440 indicem
1523 1406 1564 1438 ab
1598 1405 1696 1438 obuio

150 1463 294 1504 quodam
325 1465 513 1503 porrectum
548 1461 669 1493 libellis
705 1460 829 1498 ceteris,
866 1470 948 1500 quos
985 1459 1151 1491 sinistra
1188 1469 1293 1491 manu
1329 1459 1456 1491 tenebat
1489 1457 1589 1500 quasi·
1621 1468 1697 1490 mox

148 1515 294 1546 lecturus
311 1513 529 1551 commiscuit,
553 1513 643 1554 App.
670 1512 747 1544 bell.
772 1513 837 1543 eiu.
860 1521 887 1543 11
907 1512 969 1543 118
988 1513 1048 1542 ὑπὸ
1067 1511 1093 1542 δ’
1115 1513 1216 1542 ἄλλου
1237 1513 1289 1543 καὶ
1309 1512 1437 1552 βιβλίον
1458 1512 1530 1550 περὶ
1550 1511 1612 1549 τῆο-
1629 1512 1695 1541 ἐπι-

147 1571 273 1611 βουλῆσ
285 1570 431 1600 ἐπιδοθὲν
443 1568 529 1608 αὐτῷ
543 1569 746 1608 προθυομένῳ
759 1570 814 1598 τοῦ
826 1568 1052 1607 βουλευτηρίου
1069 1568 1120 1597 καὶ
1133 1567 1228 1597 εὑθὺο-
1242 1568 1355 1598 ἐσιόντι
1366 1566 1448 1603 μετὰ.
1460 1567 1576 1606 χεῖρασ
1586 1565 1697 1605 εὑρέθη

147 1623 338 1657 τεθνεῶτοσ,
357 1620 449 1652 Plut.
466 1620 528 1652 uit.
549 1619 643 1652 Caes.
664 1619 706 1650 65
797 1618 838 1648 68
855 1621 959 1649 urbes
977 1621 1037 1655 GL.
1056 1621 1155 1649 orbes
1170 1620 1204 1649 Μ
1296 1626 1309 1648 1
1321 1618 1387 1649 904
1403 1625 1577 1657 rerumque
1593 1615 1698 1647 homi-

149 1682 296 1713 numque
313 1671 434 1703 ruinas
524 1671 567 1702 64
583 1671 622 1702 in
638 1680 714 1711 royo
732 1669 891 1701 Croesum
908 1668 959 1709 ὑφ’
975 1671 1007 1700 ἕν
1028 1669 1155 1700 omisso
1177 1669 1373 1710 participio,
1394 1671 1435 1700 ut
1456 1677 1470 1699 1
1492 1669 1558 1699 224
1582 1676 1633 1708 sq.
1661 1667 1700 1698 in

150 1724 254 1756 undis
273 1722 278 1766 Ι
294 1723 432 1761 Cancer,
448 1723 514 1754 229
531 1722 681 1755 dumosis
693 1721 856 1762 Scorpius
869 1721 976 1758 aruis,
995 1720 1086 1752 Petr.
1101 1721 1142 1752 63
1160 1721 1180 1751 2
1197 1720 1318 1751 asinus
1335 1720 1373 1751 in
1389 1719 1519 1759 teyulis,
1536 1719 1614 1750 qu.
1629 1726 1700 1751 vn1

153 1776 216 1807 142
234 1784 284 1816 sq.
305 1785 368 1815 quo
386 1774 471 1806 mihi
488 1777 517 1805 te
533 1798 540 1805 .
561 1798 567 1805 .
588 1798 595 1805 .
615 1773 654 1805 in
673 1772 807 1814 templis
821 1773 837 1804 ?
926 1775 1056 1810 priami
1066 1772 1096 1809 *,
1114 1774 1290 1810 priamum
1307 1775 1356 1803 GL
1372 1774 1516 1813 propter
1528 1770 1700 1807 Croesum,

150 1829 304 1865 primum
322 1830 365 1857 M.
414 1825 593 1857 Priamum
609 1827 750 1866 recepto
770 1823 843 1855 fieri
862 1833 933 1855 non
950 1826 1068 1865 potest
1088 1823 1173 1864 quin
1193 1825 1347 1854 truncum
1364 1821 1578 1854 adiectiuum
1592 1822 1700 1853 etiam

153 1878 198 1909 ad
216 1877 375 1909 Croesum
391 1876 553 1908 trahatur
568 1888 575 1907 :
606 1875 870 1908 substantiuum
886 1877 1051 1916 posuerat
1067 1874 1237 1916 Vergilius
1253 1874 1338 1906 Aen.
1358 1883 1387 1905 11
1402 1875 1466 1906 557
1484 1873 1567 1905 iacet
1583 1873 1702 1913 inqens

149 1929 263 1961 litore
286 1932 455 1966 truncus,
481 1937 585 1969 quem
610 1937 750 1959 uersum
774 1929 810 1958 et
839 1926 1001 1958 Manilius
1025 1929 1061 1958 et
1095 1925 1224 1957 Seneca
1248 1926 1325 1958 Tro.
1355 1927 1418 1957 140
1442 1935 1492 1967 sq.
1519 1934 1703 1966 magnoque

155 1980 234 2012 Ioui
255 1980 397 2012 uictima
415 1989 531 2011 caesus
552 1977 557 2022 l
576 1979 677 2019 Siyea
700 1978 826 2019 premis
853 1977 967 2009 litora
997 1981 1154 2009 truncus
1178 1978 1309 2010 imitati
1331 1980 1415 2009 sunt
1505 1976 1546 2008 65
1567 1976 1624 2008 cui
1644 1985 1704 2008 nec

155 2031 261 2063 Troia
278 2041 388 2072 roquS,
409 2030 485 2063 Sen.
506 2031 584 2063 Tro.
606 2032 648 2063 55
668 2040 717 2071 sq.
739 2032 825 2061 caret
843 2028 994 2070 sepulcro
1013 2030 1175 2061 Priamus
1195 2032 1222 2060 et
1234 2029 1379 2070 flamma
1397 2028 1522 2069 indiqet
1540 2027 1546 2072 1
1567 2027 1703 2060 ardente

156 2083 283 2121 Troia3
323 2085 446 2114 contra
472 2082 535 2124 Ag.
563 2083 628 2114 742
654 2092 705 2122 sq.
733 2084 763 2112 te
787 2091 914 2122 sequor,
942 2084 1008 2112 tota
1031 2079 1150 2125 pater}
1174 2081 1280 2112 Troia
1305 2080 1432 2121 sepulte
1521 2083 1627 2112 xerxe
1649 2079 1700 2117 L²,

152 2144 258 2166 xerxe
282 2138 317 2167 G.
337 2144 418 2166 erxe
441 2137 511 2170 ΒΜ,
530 2133 664 2166 Xerme
689 2132 848 2174 Scaliger,
872 2143 934 2174 pro
956 2143 1026 2173 quo
1051 2132 1226 2169 Manilius,
1245 2132 1305 2172 qui
1330 2131 1545 2164 Mithridatis
1566 2131 1707 2173 scripsit

155 2197 187 2217 u.
215 2188 270 2223 51,
297 2185 423 2217 Xerxis
447 2186 625 2227 positurus
649 2185 729 2222 fuit,
755 2187 796 2216 ut
821 2184 1023 2226 Propertius
1049 2193 1077 2216 11
1105 2186 1119 2216 1
1148 2185 1200 2216 22.
1250 2183 1345 2225 quod
1369 2183 1535 2225 uulgatur
1559 2182 1706 2215 Xerxem

154 2241 277 2278 poetas
290 2237 435 2269 Latinos
447 2247 518 2269 non
530 2236 709 2269 admisisse
722 2235 825 2267 docui
837 2236 873 2267 in
885 2236 1033 2268 Journal
1046 2235 1082 2267 of
1095 2236 1277 2277 Philology
1289 2235 1357 2267 uol.
1370 2243 1462 2266 XXXI
1473 2245 1531 2276 pp.
1546 2235 1677 2267 236-47
1694 2243 1703 2269 ;

154 2289 287 2320 Manilii
312 2292 432 2320 autem
451 2288 600 2321 editores
626 2288 853 2320 recentissimi
878 2297 922 2319 ne
951 2287 1115 2328 Tydidem
1132 2287 1274 2328 quidem
1298 2286 1497 2328 repudiant,
1515 2285 1704 2327 repudiant

154 2351 174 2372 a
192 2341 390 2372 Matritensi
407 2340 567 2372 oblatum
589 2339 744 2380 Tydiden
833 2339 874 2370 66
894 2342 978 2377 quid
998 2342 1043 2376 M,
1064 2343 1155 2375 quod
1175 2342 1224 2370 GL
1314 2340 1421 2378 capto,
1440 2337 1594 2378 captiuo,
1613 2337 1706 2369 sicut

154 2402 254 2424 serua
268 2393 383 2433 capita
397 2392 472 2424 Liu.
489 2401 580 2424 XXIX
596 2393 639 2424 29
655 2393 674 2424 3
690 2391 813 2423 eadem
829 2394 912 2423 sunt
927 2401 1016 2432 quae
1033 2391 1174 2422 seruilia
1187 2390 1302 2430 capita
1314 2398 1421 2421 XXVII
1438 2390 1478 2421 16
1494 2390 1524 2421 7.
1573 2388 1649 2421 Liu.
1668 2397 1706 2420 1v

158 2445 177 2476 3
211 2445 251 2475 12
279 2444 350 2476 Ser.
379 2443 536 2476 Tullium
552 2468 559 2475 .
579 2468 586 2475 .
607 2467 614 2475 .
633 2443 772 2484 captiua
801 2442 1031 2474 Corniculana
1058 2445 1176 2473 natum
1193 2466 1200 2473 .
1220 2466 1227 2472 .
1247 2465 1255 2472 .
1274 2451 1412 2480 reynum
1439 2440 1596 2478 tenuisse,
1625 2439 1704 2472 qu.

156 2503 211 2526 vn
235 2496 299 2527 199
319 2505 370 2536 sq.
393 2495 476 2536 quid
500 2494 667 2526 Tullius?
700 2504 789 2526 anne
809 2494 907 2526 aliud
927 2504 1027 2534 quam
1049 2491 1055 2536 Ι
1073 2493 1169 2524 sidus
1191 2495 1219 2524 et
1240 2491 1359 2523 occulti
1379 2492 1538 2524 miranda
1555 2491 1708 2532 potentia

150 2546 221 2587 sati
237 2547 252 2578 ,⁹
342 2547 382 2578 67
399 2547 439 2577 68
456 2546 531 2578 Liu.
549 2546 698 2588 perioch.
715 2555 782 2577 XIX
803 2555 879 2577 cum
896 2544 1056 2586 templum
1079 2545 1193 2577 Vestae
1211 2543 1346 2581 arderet,
1364 2543 1534 2575 Caecilius
1551 2541 1709 2575 Metellus

158 2597 309 2639 pontifex
333 2598 502 2629 maximus
531 2608 568 2630 ex
595 2598 750 2629 incendio
777 2607 874 2628 sacra
901 2596 1028 2637 rapuit,
1062 2596 1162 2629 Ouid.
1188 2595 1269 2627 fast.
1295 2604 1335 2626 vr
1357 2596 1424 2628 439
1447 2605 1497 2636 sq.
1517 2594 1709 2636 flayrabant

156 2649 264 2679 sancti
291 2649 457 2680 sceleratis
487 2647 643 2687 {quibus
676 2647 784 2688 iqnes
805 2646 809 2690 Ι
829 2648 997 2688 mixtaque
1021 2650 1089 2678 erat
1105 2647 1267 2688 flammae
1283 2646 1428 2688 flamma
1448 2645 1596 2687 profana
1615 2645 1708 2686 piae,

163 2699 257 2731 Oros.
280 2708 318 2731 IV
340 2701 376 2732 11
400 2701 420 2732 9
439 2700 552 2731 aedem
576 2700 692 2732 Vestae
710 2700 873 2741 corripuit
892 2701 920 2730 et
939 2709 979 2730 ne
998 2698 1064 2730 sibi
1081 2698 1215 2739 quidem
1233 2697 1287 2729 dis
1305 2696 1579 2729 subuenientibus
1597 2697 1708 2736 iynem

161 2750 270 2788 illurn,
291 2751 350 2791 qui
371 2754 524 2782 aeternus
542 2750 735 2791 putabatur,
758 2750 980 2791 temporarius
1001 2750 1091 2790 iynis
1112 2749 1277 2790 oppressit
1367 2748 1408 2780 68
1431 2758 1521 2785 quae
1543 2747 1710 2779 Barthius

160 2801 238 2832 adu.
255 2812 287 2842 p.
303 2803 368 2833 929
380 2805 415 2833 et
428 2805 518 2833 teste
533 2801 697 2833 Stoebero
709 2802 784 2834 cod.
800 2802 890 2839 Pan,
905 2804 966 2838 qui
978 2804 1061 2833 GLM
1079 2804 1115 2832 et
1133 2800 1292 2832 Bentleio
1305 2799 1542 2842 Pingraeoque
1554 2799 1711 2841 exceptis

159 2852 323 2891 editores,
353 2863 432 2884 cum
461 2853 566 2885 ceteri
595 2856 755 2885 auctores
784 2853 963 2885 Metellum
991 2862 1062 2884 non
1090 2851 1264 2884 Atlanteis
1293 2852 1420 2883 umeris
1448 2850 1572 2891 templa
1599 2860 1711 2892 eaque
