<?xml version="1.0" encoding="UTF-8"?>
<!DOCTYPE html PUBLIC "-//W3C//DTD XHTML 1.0 Transitional//EN"
    "http://www.w3.org/TR/xhtml1/DTD/xhtml1-transitional.dtd">
<html xmlns="http://www.w3.org/1999/xhtml" xml:lang="en" lang="en">
 <head>
  <title>
</title>
<meta http-equiv="Content-Type" content="text/html;charset=utf-8" />
  <meta name='ocr-system' content='tesseract 3.04.00' />
  <meta name='ocr-capabilities' content='ocr_page ocr_carea ocr_par ocr_line ocrx_word'/>
</head>
<body>
  <div class='ocr_page' id='page_1' title='image "astronomiconrece04maniuoft_0137.png"; bbox 0 0 1872 3183; ppageno 0'>
   <div class='ocr_carea' id='block_1_1' title="bbox 577 137 1639 183">
    <p class='ocr_par' dir='ltr' id='par_1_1' title="bbox 577 137 1639 183">
     <span class='ocr_line' id='line_1_1' title="bbox 577 137 1639 183; baseline 0.003 -4"><span class='ocrx_word' id='word_1_1' title='bbox 577 137 1065 181; x_wconf 83' lang='lat' dir='ltr'>ASTRONOMICON</span> <span class='ocrx_word' id='word_1_2' title='bbox 1096 138 1162 181; x_wconf 93' lang='lat' dir='ltr'>IV</span> <span class='ocrx_word' id='word_1_3' title='bbox 1558 144 1639 183; x_wconf 88' lang='grc'>109</span> 
     </span>
    </p>
   </div>
   <div class='ocr_carea' id='block_1_2' title="bbox 139 248 1495 452">
    <p class='ocr_par' dir='ltr' id='par_1_2' title="bbox 139 248 1495 452">
     <span class='ocr_line' id='line_1_2' title="bbox 259 248 1227 304; baseline 0.001 -14"><span class='ocrx_word' id='word_1_4' title='bbox 259 255 302 291; x_wconf 90' lang='lat' dir='ltr'>et</span> <span class='ocrx_word' id='word_1_5' title='bbox 321 248 497 291; x_wconf 84' lang='lat' dir='ltr'>Cilicum</span> <span class='ocrx_word' id='word_1_6' title='bbox 515 249 652 304; x_wconf 86' lang='lat' dir='ltr'>gentis</span> <span class='ocrx_word' id='word_1_7' title='bbox 670 249 894 304; x_wconf 82' lang='lat' dir='ltr'>uicinaque</span> <span class='ocrx_word' id='word_1_8' title='bbox 913 249 1089 291; x_wconf 82' lang='lat' dir='ltr'>Caribus</span> <span class='ocrx_word' id='word_1_9' title='bbox 1109 264 1227 291; x_wconf 84' lang='lat' dir='ltr'>arua.</span> 
     </span>
     <span class='ocr_line' id='line_1_3' title="bbox 139 322 1495 380; baseline 0.003 -17"><span class='ocrx_word' id='word_1_10' title='bbox 139 331 208 362; x_wconf 85' lang='grc'>800</span> <span class='ocrx_word' id='word_1_11' title='bbox 263 323 453 364; x_wconf 82' lang='lat' dir='ltr'>Piscibus</span> <span class='ocrx_word' id='word_1_12' title='bbox 473 322 714 378; x_wconf 73' lang='lat' dir='ltr'>Euphrates</span> <span class='ocrx_word' id='word_1_13' title='bbox 734 323 860 364; x_wconf 88' lang='lat' dir='ltr'>datus</span> <span class='ocrx_word' id='word_1_14' title='bbox 880 327 958 373; x_wconf 89' lang='lat' dir='ltr'>est,</span> <span class='ocrx_word' id='word_1_15' title='bbox 979 323 1052 364; x_wconf 93' lang='lat' dir='ltr'>ubi</span> <span class='ocrx_word' id='word_1_16' title='bbox 1072 323 1122 365; x_wconf 90' lang='lat' dir='ltr'>ab</span> <span class='ocrx_word' id='word_1_17' title='bbox 1141 323 1205 365; x_wconf 89' lang='lat' dir='ltr'>his</span> <span class='ocrx_word' id='word_1_18' title='bbox 1225 339 1303 379; x_wconf 92' lang='lat' dir='ltr'>ope</span> <span class='ocrx_word' id='word_1_19' title='bbox 1323 330 1495 380; x_wconf 85' lang='lat' dir='ltr'>sumpta</span> 
     </span>
     <span class='ocr_line' id='line_1_4' title="bbox 260 396 1362 452; baseline 0.001 -14"><span class='ocrx_word' id='word_1_20' title='bbox 260 411 359 439; x_wconf 89' lang='lat' dir='ltr'>cum</span> <span class='ocrx_word' id='word_1_21' title='bbox 378 397 542 452; x_wconf 79' lang='lat' dir='ltr'>fugeret</span> <span class='ocrx_word' id='word_1_22' title='bbox 562 396 769 452; x_wconf 85' lang='lat' dir='ltr'>Typhona</span> <span class='ocrx_word' id='word_1_23' title='bbox 789 397 931 438; x_wconf 90' lang='lat' dir='ltr'>Venus</span> <span class='ocrx_word' id='word_1_24' title='bbox 951 397 1142 438; x_wconf 73' lang='lat' dir='ltr'>subsedit</span> <span class='ocrx_word' id='word_1_25' title='bbox 1161 398 1204 438; x_wconf 91' lang='lat' dir='ltr'>in</span> <span class='ocrx_word' id='word_1_26' title='bbox 1223 398 1362 448; x_wconf 84' lang='lat' dir='ltr'>undis,</span> 
     </span>
    </p>
   </div>
   <div class='ocr_carea' id='block_1_3' title="bbox 94 561 1644 1731">
    <p class='ocr_par' dir='ltr' id='par_1_3' title="bbox 94 561 1644 1731">
     <span class='ocr_line' id='line_1_5' title="bbox 140 561 1638 601; baseline 0.001 -9"><span class='ocrx_word' id='word_1_27' title='bbox 140 561 203 593; x_wconf 83' lang='lat'>799</span> <span class='ocrx_word' id='word_1_28' title='bbox 219 564 405 600; x_wconf 83' lang='lat' dir='ltr'>uicinaque</span> <span class='ocrx_word' id='word_1_29' title='bbox 422 561 611 599; x_wconf 88' lang='lat' dir='ltr'>Bentleius‚</span> <span class='ocrx_word' id='word_1_30' title='bbox 630 564 770 594; x_wconf 85' lang='lat' dir='ltr'>caribus</span> <span class='ocrx_word' id='word_1_31' title='bbox 780 561 810 599; x_wconf 89' lang='lat'>*,</span> <span class='ocrx_word' id='word_1_32' title='bbox 824 564 940 594; x_wconf 85' lang='lat' dir='ltr'>uicina</span> <span class='ocrx_word' id='word_1_33' title='bbox 953 566 989 594; x_wconf 78' lang='lat' dir='ltr'>et</span> <span class='ocrx_word' id='word_1_34' title='bbox 1005 565 1175 601; x_wconf 81' lang='lat' dir='ltr'>aquarius</span> <span class='ocrx_word' id='word_1_35' title='bbox 1188 562 1276 601; x_wconf 88' lang='lat' dir='ltr'>libri,</span> <span class='ocrx_word' id='word_1_36' title='bbox 1295 563 1436 596; x_wconf 83' lang='lat' dir='ltr'>Caridos</span> <span class='ocrx_word' id='word_1_37' title='bbox 1448 563 1638 600; x_wconf 86' lang='lat' dir='ltr'>Bentleius,</span> 
     </span>
     <span class='ocr_line' id='line_1_6' title="bbox 94 612 1640 654; baseline 0.002 -10"><span class='ocrx_word' id='word_1_38' title='bbox 94 622 175 644; x_wconf 83' lang='lat' dir='ltr'>cum</span> <span class='ocrx_word' id='word_1_39' title='bbox 189 615 309 644; x_wconf 87' lang='lat' dir='ltr'>tamen</span> <span class='ocrx_word' id='word_1_40' title='bbox 323 612 422 645; x_wconf 85' lang='lat' dir='ltr'>Caria</span> <span class='ocrx_word' id='word_1_41' title='bbox 436 612 567 654; x_wconf 79' lang='lat' dir='ltr'>Virgini</span> <span class='ocrx_word' id='word_1_42' title='bbox 582 612 739 644; x_wconf 87' lang='lat' dir='ltr'>subiecta</span> <span class='ocrx_word' id='word_1_43' title='bbox 752 616 805 644; x_wconf 87' lang='lat' dir='ltr'>est</span> <span class='ocrx_word' id='word_1_44' title='bbox 820 623 852 644; x_wconf 93' lang='lat' dir='ltr'>u.</span> <span class='ocrx_word' id='word_1_45' title='bbox 869 613 943 645; x_wconf 90' lang='lat'><strong>768.</strong></span> <span class='ocrx_word' id='word_1_46' title='bbox 991 613 1126 645; x_wconf 82' lang='lat' dir='ltr'>hebetis</span> <span class='ocrx_word' id='word_1_47' title='bbox 1139 618 1192 646; x_wconf 89' lang='lat' dir='ltr'>est</span> <span class='ocrx_word' id='word_1_48' title='bbox 1205 614 1320 646; x_wconf 89' lang='lat' dir='ltr'>iudicii</span> <span class='ocrx_word' id='word_1_49' title='bbox 1336 614 1381 646; x_wconf 87' lang='lat' dir='ltr'>ad</span> <span class='ocrx_word' id='word_1_50' title='bbox 1394 615 1479 647; x_wconf 83' lang='lat' dir='ltr'>haec</span> <span class='ocrx_word' id='word_1_51' title='bbox 1494 615 1516 646; x_wconf 93' lang='lat' dir='ltr'><em>I</em></span> <span class='ocrx_word' id='word_1_52' title='bbox 1517 616 1640 647; x_wconf 78' lang='lat' dir='ltr'>uuenis</span> 
     </span>
     <span class='ocr_line' id='line_1_7' title="bbox 96 664 1641 707; baseline 0.002 -12"><span class='ocrx_word' id='word_1_53' title='bbox 96 664 204 696; x_wconf 85' lang='lat' dir='ltr'>nudos</span> <span class='ocrx_word' id='word_1_54' title='bbox 221 664 389 704; x_wconf 85' lang='lat' dir='ltr'>formatus</span> <span class='ocrx_word' id='word_1_55' title='bbox 413 664 544 696; x_wconf 85' lang='lat' dir='ltr'>mollior</span> <span class='ocrx_word' id='word_1_56' title='bbox 568 667 661 695; x_wconf 88' lang='lat' dir='ltr'>artus</span> <span class='ocrx_word' id='word_1_57' title='bbox 678 688 685 696; x_wconf 90' lang='lat'>.</span> <span class='ocrx_word' id='word_1_58' title='bbox 706 688 713 695; x_wconf 95' lang='lat'>.</span> <span class='ocrx_word' id='word_1_59' title='bbox 733 688 740 695; x_wconf 98' lang='lat'>.</span> <span class='ocrx_word' id='word_1_60' title='bbox 761 664 934 704; x_wconf 79' lang='lat' dir='ltr'>Aquarius</span> <span class='ocrx_word' id='word_1_61' title='bbox 957 664 1177 696; x_wconf 85' lang='lat' dir='ltr'>defendenda</span> <span class='ocrx_word' id='word_1_62' title='bbox 1193 665 1328 697; x_wconf 82' lang='lat' dir='ltr'>adferre</span> <span class='ocrx_word' id='word_1_63' title='bbox 1345 666 1476 698; x_wconf 86' lang='lat'>778—80</span> <span class='ocrx_word' id='word_1_64' title='bbox 1495 666 1641 707; x_wconf 77' lang='lat' dir='ltr'>inferius</span> 
     </span>
     <span class='ocr_line' id='line_1_8' title="bbox 96 715 1640 758; baseline 0.002 -12"><span class='ocrx_word' id='word_1_65' title='bbox 96 747 104 754; x_wconf 39' lang='grc' dir='ltr'><strong>ῃ</strong></span> <span class='ocrx_word' id='word_1_66' title='bbox 124 739 132 746; x_wconf 88' lang='grc'><strong>.</strong></span> <span class='ocrx_word' id='word_1_67' title='bbox 152 739 159 746; x_wconf 94' lang='grc'><strong>.</strong></span> <span class='ocrx_word' id='word_1_68' title='bbox 178 715 274 747; x_wconf 83' lang='lat' dir='ltr'>sidus</span> <span class='ocrx_word' id='word_1_69' title='bbox 289 739 297 746; x_wconf 88' lang='lat'>.</span> <span class='ocrx_word' id='word_1_70' title='bbox 317 739 325 746; x_wconf 89' lang='lat'>.</span> <span class='ocrx_word' id='word_1_71' title='bbox 344 738 353 746; x_wconf 91' lang='lat'>.</span> <span class='ocrx_word' id='word_1_72' title='bbox 372 715 535 756; x_wconf 78' lang='lat' dir='ltr'>Scorpius</span> <span class='ocrx_word' id='word_1_73' title='bbox 571 725 641 747; x_wconf 90' lang='lat' dir='ltr'>non</span> <span class='ocrx_word' id='word_1_74' title='bbox 679 716 793 746; x_wconf 88' lang='lat' dir='ltr'>minus</span> <span class='ocrx_word' id='word_1_75' title='bbox 833 718 924 747; x_wconf 90' lang='lat' dir='ltr'>recte</span> <span class='ocrx_word' id='word_1_76' title='bbox 967 719 1075 756; x_wconf 86' lang='lat' dir='ltr'>atque</span> <span class='ocrx_word' id='word_1_77' title='bbox 1107 716 1236 748; x_wconf 87' lang='lat' dir='ltr'>usitate</span> <span class='ocrx_word' id='word_1_78' title='bbox 1269 717 1403 749; x_wconf 88' lang='lat' dir='ltr'>dictum</span> <span class='ocrx_word' id='word_1_79' title='bbox 1436 727 1542 758; x_wconf 85' lang='lat' dir='ltr'>quam</span> <span class='ocrx_word' id='word_1_80' title='bbox 1574 718 1640 750; x_wconf 87' lang='grc'>273</span> 
     </span>
     <span class='ocr_line' id='line_1_9' title="bbox 95 765 1641 809; baseline 0.001 -12"><span class='ocrx_word' id='word_1_81' title='bbox 95 766 216 798; x_wconf 86' lang='lat' dir='ltr'>ultima</span> <span class='ocrx_word' id='word_1_82' title='bbox 233 790 240 797; x_wconf 94' lang='lat'>.</span> <span class='ocrx_word' id='word_1_83' title='bbox 259 790 267 798; x_wconf 85' lang='lat'>.</span> <span class='ocrx_word' id='word_1_84' title='bbox 287 790 294 797; x_wconf 97' lang='lat'>.</span> <span class='ocrx_word' id='word_1_85' title='bbox 313 766 425 798; x_wconf 88' lang='lat' dir='ltr'>sidera</span> <span class='ocrx_word' id='word_1_86' title='bbox 446 766 563 797; x_wconf 82' lang='lat' dir='ltr'>Pisces</span> <span class='ocrx_word' id='word_1_87' title='bbox 580 778 588 798; x_wconf 90' lang='lat'>:</span> <span class='ocrx_word' id='word_1_88' title='bbox 622 765 840 807; x_wconf 84' lang='lat' dir='ltr'>quaerendus</span> <span class='ocrx_word' id='word_1_89' title='bbox 862 766 957 798; x_wconf 90' lang='lat' dir='ltr'>locus</span> <span class='ocrx_word' id='word_1_90' title='bbox 978 766 1047 798; x_wconf 80' lang='lat' dir='ltr'>fuit</span> <span class='ocrx_word' id='word_1_91' title='bbox 1069 767 1127 799; x_wconf 92' lang='lat' dir='ltr'>ubi</span> <span class='ocrx_word' id='word_1_92' title='bbox 1151 768 1340 800; x_wconf 75' lang='lat' dir='ltr'>Centaurus</span> <span class='ocrx_word' id='word_1_93' title='bbox 1356 793 1363 800; x_wconf 91' lang='lat'>.</span> <span class='ocrx_word' id='word_1_94' title='bbox 1383 793 1390 800; x_wconf 91' lang='lat'>.</span> <span class='ocrx_word' id='word_1_95' title='bbox 1410 793 1417 800; x_wconf 97' lang='lat'>.</span> <span class='ocrx_word' id='word_1_96' title='bbox 1436 769 1641 809; x_wconf 73' lang='lat' dir='ltr'>Saqittarius</span> 
     </span>
     <span class='ocr_line' id='line_1_10' title="bbox 95 817 1640 861; baseline 0.002 -13"><span class='ocrx_word' id='word_1_97' title='bbox 95 817 153 849; x_wconf 91' lang='lat' dir='ltr'>uel</span> <span class='ocrx_word' id='word_1_98' title='bbox 183 817 324 849; x_wconf 88' lang='lat' dir='ltr'>Chelae.</span> <span class='ocrx_word' id='word_1_99' title='bbox 346 841 353 848; x_wconf 92' lang='lat'>.</span> <span class='ocrx_word' id='word_1_100' title='bbox 373 841 380 848; x_wconf 98' lang='lat'>.</span> <span class='ocrx_word' id='word_1_101' title='bbox 399 817 503 849; x_wconf 88' lang='lat' dir='ltr'>Libra</span> <span class='ocrx_word' id='word_1_102' title='bbox 533 827 595 859; x_wconf 89' lang='lat' dir='ltr'>per</span> <span class='ocrx_word' id='word_1_103' title='bbox 627 818 883 859; x_wconf 88' lang='lat' dir='ltr'>appositionem</span> <span class='ocrx_word' id='word_1_104' title='bbox 915 818 1101 850; x_wconf 89' lang='lat' dir='ltr'>coniuncta</span> <span class='ocrx_word' id='word_1_105' title='bbox 1132 822 1255 851; x_wconf 84' lang='lat' dir='ltr'>essent.</span> <span class='ocrx_word' id='word_1_106' title='bbox 1304 829 1415 860; x_wconf 90' lang='lat' dir='ltr'>neque</span> <span class='ocrx_word' id='word_1_107' title='bbox 1447 820 1640 861; x_wconf 81' lang='lat' dir='ltr'>suspicione</span> 
     </span>
     <span class='ocr_line' id='line_1_11' title="bbox 96 868 1640 912; baseline 0.003 -13"><span class='ocrx_word' id='word_1_108' title='bbox 96 871 202 900; x_wconf 84' lang='lat' dir='ltr'>uacat</span> <span class='ocrx_word' id='word_1_109' title='bbox 223 871 251 899; x_wconf 87' lang='lat' dir='ltr'>et</span> <span class='ocrx_word' id='word_1_110' title='bbox 271 868 442 910; x_wconf 84' lang='lat' dir='ltr'>particula</span> <span class='ocrx_word' id='word_1_111' title='bbox 463 868 510 900; x_wconf 92' lang='lat' dir='ltr'>ibi</span> <span class='ocrx_word' id='word_1_112' title='bbox 531 869 648 910; x_wconf 79' lang='lat' dir='ltr'>posita</span> <span class='ocrx_word' id='word_1_113' title='bbox 668 869 727 900; x_wconf 93' lang='lat' dir='ltr'>ubi</span> <span class='ocrx_word' id='word_1_114' title='bbox 749 869 832 910; x_wconf 90' lang='lat' dir='ltr'>poni</span> <span class='ocrx_word' id='word_1_115' title='bbox 853 869 970 910; x_wconf 82' lang='lat' dir='ltr'>potuit</span> <span class='ocrx_word' id='word_1_116' title='bbox 990 879 1062 909; x_wconf 88' lang='lat' dir='ltr'>que,</span> <span class='ocrx_word' id='word_1_117' title='bbox 1085 870 1180 910; x_wconf 92' lang='lat' dir='ltr'>quod</span> <span class='ocrx_word' id='word_1_118' title='bbox 1201 870 1279 912; x_wconf 90' lang='lat' dir='ltr'>plus</span> <span class='ocrx_word' id='word_1_119' title='bbox 1300 871 1429 903; x_wconf 91' lang='lat' dir='ltr'>uiciens</span> <span class='ocrx_word' id='word_1_120' title='bbox 1450 874 1554 912; x_wconf 82' lang='lat' dir='ltr'>poeta</span> <span class='ocrx_word' id='word_1_121' title='bbox 1575 871 1640 904; x_wconf 85' lang='lat' dir='ltr'>sibi</span> 
     </span>
     <span class='ocr_line' id='line_1_12' title="bbox 96 919 1642 962; baseline 0.003 -12"><span class='ocrx_word' id='word_1_122' title='bbox 96 919 253 961; x_wconf 85' lang='lat' dir='ltr'>permisit</span> <span class='ocrx_word' id='word_1_123' title='bbox 273 929 314 950; x_wconf 90' lang='lat' dir='ltr'>eo</span> <span class='ocrx_word' id='word_1_124' title='bbox 334 919 477 951; x_wconf 89' lang='lat' dir='ltr'>consilio</span> <span class='ocrx_word' id='word_1_125' title='bbox 498 922 539 951; x_wconf 91' lang='lat' dir='ltr'>ut</span> <span class='ocrx_word' id='word_1_126' title='bbox 559 920 595 950; x_wconf 91' lang='lat' dir='ltr'>in</span> <span class='ocrx_word' id='word_1_127' title='bbox 615 920 727 961; x_wconf 90' lang='lat' dir='ltr'>primo</span> <span class='ocrx_word' id='word_1_128' title='bbox 749 919 837 961; x_wconf 91' lang='lat' dir='ltr'>pede</span> <span class='ocrx_word' id='word_1_129' title='bbox 858 919 1039 960; x_wconf 76' lang='lat' dir='ltr'>dactylum</span> <span class='ocrx_word' id='word_1_130' title='bbox 1060 930 1123 961; x_wconf 86' lang='lat' dir='ltr'>pro</span> <span class='ocrx_word' id='word_1_131' title='bbox 1145 921 1298 962; x_wconf 87' lang='lat' dir='ltr'>spondeo</span> <span class='ocrx_word' id='word_1_132' title='bbox 1319 921 1521 959; x_wconf 88' lang='lat' dir='ltr'>lucraretur,</span> <span class='ocrx_word' id='word_1_133' title='bbox 1544 922 1642 954; x_wconf 81' lang='lat' dir='ltr'>uelut</span> 
     </span>
     <span class='ocr_line' id='line_1_13' title="bbox 94 971 1641 1014; baseline 0.001 -12"><span class='ocrx_word' id='word_1_134' title='bbox 94 974 252 1002; x_wconf 83' lang='lat' dir='ltr'>extremo</span> <span class='ocrx_word' id='word_1_135' title='bbox 267 971 428 1002; x_wconf 81' lang='lat' dir='ltr'>carminis</span> <span class='ocrx_word' id='word_1_136' title='bbox 442 980 545 1002; x_wconf 87' lang='lat' dir='ltr'>uersu</span> <span class='ocrx_word' id='word_1_137' title='bbox 559 974 644 1002; x_wconf 84' lang='lat' dir='ltr'>totus</span> <span class='ocrx_word' id='word_1_138' title='bbox 659 974 687 1002; x_wconf 87' lang='lat' dir='ltr'>et</span> <span class='ocrx_word' id='word_1_139' title='bbox 701 980 835 1002; x_wconf 82' lang='lat' dir='ltr'>accenso</span> <span class='ocrx_word' id='word_1_140' title='bbox 850 971 997 1002; x_wconf 82' lang='lat' dir='ltr'>mundus</span> <span class='ocrx_word' id='word_1_141' title='bbox 1004 971 1162 1013; x_wconf 77' lang='lat' dir='ltr'>flaqraret</span> <span class='ocrx_word' id='word_1_142' title='bbox 1176 972 1328 1014; x_wconf 78' lang='lat' dir='ltr'>Olympo,</span> <span class='ocrx_word' id='word_1_143' title='bbox 1344 972 1444 1004; x_wconf 82' lang='lat' dir='ltr'>aliter</span> <span class='ocrx_word' id='word_1_144' title='bbox 1457 973 1641 1009; x_wconf 79' lang='lat' dir='ltr'>rarissime.</span> 
     </span>
     <span class='ocr_line' id='line_1_14' title="bbox 96 1021 1642 1062; baseline 0.002 -9"><span class='ocrx_word' id='word_1_145' title='bbox 96 1030 109 1053; x_wconf 93' lang='lat'>1</span> <span class='ocrx_word' id='word_1_146' title='bbox 132 1022 196 1052; x_wconf 91' lang='lat'>718</span> <span class='ocrx_word' id='word_1_147' title='bbox 217 1021 337 1053; x_wconf 85' lang='lat' dir='ltr'>ultima</span> <span class='ocrx_word' id='word_1_148' title='bbox 359 1024 387 1053; x_wconf 86' lang='lat' dir='ltr'>et</span> <span class='ocrx_word' id='word_1_149' title='bbox 409 1021 570 1059; x_wconf 74' lang='lat' dir='ltr'>extremis,</span> <span class='ocrx_word' id='word_1_150' title='bbox 592 1030 635 1053; x_wconf 84' lang='lat'>111</span> <span class='ocrx_word' id='word_1_151' title='bbox 658 1022 700 1053; x_wconf 94' lang='lat'>70</span> <span class='ocrx_word' id='word_1_152' title='bbox 722 1024 765 1052; x_wconf 86' lang='lat' dir='ltr'>tot</span> <span class='ocrx_word' id='word_1_153' title='bbox 787 1024 814 1052; x_wconf 79' lang='lat' dir='ltr'>et</span> <span class='ocrx_word' id='word_1_154' title='bbox 836 1022 874 1053; x_wconf 82' lang='lat' dir='ltr'>in</span> <span class='ocrx_word' id='word_1_155' title='bbox 892 1025 1016 1062; x_wconf 78' lang='lat' dir='ltr'>partes,</span> <span class='ocrx_word' id='word_1_156' title='bbox 1039 1031 1076 1053; x_wconf 85' lang='lat' dir='ltr'>IV</span> <span class='ocrx_word' id='word_1_157' title='bbox 1098 1023 1163 1054; x_wconf 84' lang='lat'>474</span> <span class='ocrx_word' id='word_1_158' title='bbox 1184 1023 1279 1055; x_wconf 81' lang='lat' dir='ltr'>tertia</span> <span class='ocrx_word' id='word_1_159' title='bbox 1301 1027 1329 1054; x_wconf 80' lang='lat' dir='ltr'>et</span> <span class='ocrx_word' id='word_1_160' title='bbox 1349 1024 1554 1062; x_wconf 80' lang='lat' dir='ltr'>undecimae,</span> <span class='ocrx_word' id='word_1_161' title='bbox 1577 1025 1642 1056; x_wconf 86' lang='lat'>882</span> 
     </span>
     <span class='ocr_line' id='line_1_15' title="bbox 95 1073 1640 1114; baseline 0.001 -11"><span class='ocrx_word' id='word_1_162' title='bbox 95 1075 222 1113; x_wconf 84' lang='lat' dir='ltr'>quanta</span> <span class='ocrx_word' id='word_1_163' title='bbox 236 1075 264 1104; x_wconf 89' lang='lat' dir='ltr'>et</span> <span class='ocrx_word' id='word_1_164' title='bbox 283 1083 367 1113; x_wconf 84' lang='lat' dir='ltr'>pars</span> <span class='ocrx_word' id='word_1_165' title='bbox 381 1075 522 1113; x_wconf 86' lang='lat' dir='ltr'>superet,</span> <span class='ocrx_word' id='word_1_166' title='bbox 534 1073 569 1103; x_wconf 93' lang='lat' dir='ltr'>in</span> <span class='ocrx_word' id='word_1_167' title='bbox 580 1076 706 1113; x_wconf 87' lang='lat' dir='ltr'>quarto</span> <span class='ocrx_word' id='word_1_168' title='bbox 721 1073 860 1113; x_wconf 90' lang='lat' dir='ltr'>quidem</span> <span class='ocrx_word' id='word_1_169' title='bbox 875 1073 973 1114; x_wconf 87' lang='lat' dir='ltr'>pede,</span> <span class='ocrx_word' id='word_1_170' title='bbox 985 1074 1013 1105; x_wconf 90' lang='lat' dir='ltr'>si</span> <span class='ocrx_word' id='word_1_171' title='bbox 1028 1083 1048 1104; x_wconf 85' lang='lat' dir='ltr'>a</span> <span class='ocrx_word' id='word_1_172' title='bbox 1063 1074 1228 1105; x_wconf 86' lang='lat' dir='ltr'>mendoso</span> <span class='ocrx_word' id='word_1_173' title='bbox 1239 1074 1314 1106; x_wconf 87' lang='lat' dir='ltr'>loco</span> <span class='ocrx_word' id='word_1_174' title='bbox 1324 1083 1362 1106; x_wconf 90' lang='lat' dir='ltr'>1V</span> <span class='ocrx_word' id='word_1_175' title='bbox 1373 1076 1437 1107; x_wconf 88' lang='lat'>455</span> <span class='ocrx_word' id='word_1_176' title='bbox 1451 1076 1640 1112; x_wconf 78' lang='lat' dir='ltr'>recesseris,</span> 
     </span>
     <span class='ocr_line' id='line_1_16' title="bbox 96 1124 1642 1169; baseline 0.002 -14"><span class='ocrx_word' id='word_1_177' title='bbox 96 1133 270 1164; x_wconf 82' lang='lat' dir='ltr'>nusquam</span> <span class='ocrx_word' id='word_1_178' title='bbox 286 1136 293 1156; x_wconf 87' lang='lat'>:</span> <span class='ocrx_word' id='word_1_179' title='bbox 323 1127 446 1156; x_wconf 86' lang='lat' dir='ltr'>contra</span> <span class='ocrx_word' id='word_1_180' title='bbox 463 1124 587 1165; x_wconf 81' lang='lat' dir='ltr'>uiginti</span> <span class='ocrx_word' id='word_1_181' title='bbox 607 1134 667 1155; x_wconf 87' lang='lat' dir='ltr'>sex</span> <span class='ocrx_word' id='word_1_182' title='bbox 683 1134 803 1156; x_wconf 87' lang='lat' dir='ltr'>uersus</span> <span class='ocrx_word' id='word_1_183' title='bbox 820 1124 866 1155; x_wconf 90' lang='lat' dir='ltr'>sic</span> <span class='ocrx_word' id='word_1_184' title='bbox 884 1124 1008 1156; x_wconf 85' lang='lat' dir='ltr'>clausit</span> <span class='ocrx_word' id='word_1_185' title='bbox 1028 1127 1069 1156; x_wconf 90' lang='lat' dir='ltr'>ut</span> <span class='ocrx_word' id='word_1_186' title='bbox 1088 1125 1166 1157; x_wconf 90' lang='lat' dir='ltr'>libri</span> <span class='ocrx_word' id='word_1_187' title='bbox 1183 1134 1226 1156; x_wconf 90' lang='lat'>111</span> <span class='ocrx_word' id='word_1_188' title='bbox 1242 1126 1432 1169; x_wconf 87' lang='lat' dir='ltr'>principem</span> <span class='ocrx_word' id='word_1_189' title='bbox 1449 1127 1642 1168; x_wconf 87' lang='lat' dir='ltr'>maioraque</span> 
     </span>
     <span class='ocr_line' id='line_1_17' title="bbox 95 1174 1642 1218; baseline 0.002 -13"><span class='ocrx_word' id='word_1_190' title='bbox 95 1174 229 1206; x_wconf 89' lang='lat' dir='ltr'>uiribus</span> <span class='ocrx_word' id='word_1_191' title='bbox 246 1184 368 1206; x_wconf 85' lang='lat' dir='ltr'>ausum</span> <span class='ocrx_word' id='word_1_192' title='bbox 385 1184 448 1205; x_wconf 87' lang='lat' dir='ltr'>nec</span> <span class='ocrx_word' id='word_1_193' title='bbox 467 1175 532 1205; x_wconf 89' lang='lat' dir='ltr'>nisi</span> <span class='ocrx_word' id='word_1_194' title='bbox 550 1177 694 1217; x_wconf 81' lang='lat' dir='ltr'>cogente</span> <span class='ocrx_word' id='word_1_195' title='bbox 712 1177 824 1206; x_wconf 87' lang='lat' dir='ltr'>metro</span> <span class='ocrx_word' id='word_1_196' title='bbox 842 1175 979 1216; x_wconf 80' lang='lat' dir='ltr'>scripsit</span> <span class='ocrx_word' id='word_1_197' title='bbox 996 1184 1024 1206; x_wconf 91' lang='lat'>11</span> <span class='ocrx_word' id='word_1_198' title='bbox 1042 1176 1107 1207; x_wconf 83' lang='lat'>248</span> <span class='ocrx_word' id='word_1_199' title='bbox 1125 1179 1161 1207; x_wconf 88' lang='lat' dir='ltr'>et</span> <span class='ocrx_word' id='word_1_200' title='bbox 1179 1177 1243 1208; x_wconf 82' lang='lat'>525</span> <span class='ocrx_word' id='word_1_201' title='bbox 1254 1176 1405 1218; x_wconf 86' lang='lat' dir='ltr'>fundens</span> <span class='ocrx_word' id='word_1_202' title='bbox 1423 1181 1451 1209; x_wconf 82' lang='lat' dir='ltr'>et</span> <span class='ocrx_word' id='word_1_203' title='bbox 1468 1178 1642 1218; x_wconf 80' lang='lat' dir='ltr'>Aquarius</span> 
     </span>
     <span class='ocr_line' id='line_1_18' title="bbox 96 1225 1641 1269; baseline 0.003 -13"><span class='ocrx_word' id='word_1_204' title='bbox 96 1225 216 1257; x_wconf 88' lang='lat' dir='ltr'>undas.</span> <span class='ocrx_word' id='word_1_205' title='bbox 265 1225 441 1257; x_wconf 85' lang='lat' dir='ltr'>elisionem</span> <span class='ocrx_word' id='word_1_206' title='bbox 472 1229 591 1257; x_wconf 85' lang='lat' dir='ltr'>autem</span> <span class='ocrx_word' id='word_1_207' title='bbox 622 1226 784 1267; x_wconf 87' lang='lat' dir='ltr'>quamuis</span> <span class='ocrx_word' id='word_1_208' title='bbox 815 1227 977 1257; x_wconf 87' lang='lat' dir='ltr'>rariorem</span> <span class='ocrx_word' id='word_1_209' title='bbox 1008 1226 1188 1268; x_wconf 85' lang='lat' dir='ltr'>uicinaque</span> <span class='ocrx_word' id='word_1_210' title='bbox 1217 1228 1392 1269; x_wconf 80' lang='lat' dir='ltr'>Aquarius</span> <span class='ocrx_word' id='word_1_211' title='bbox 1422 1229 1551 1260; x_wconf 89' lang='lat' dir='ltr'>uitasse</span> <span class='ocrx_word' id='word_1_212' title='bbox 1581 1229 1641 1260; x_wconf 84' lang='lat' dir='ltr'>uix</span> 
     </span>
     <span class='ocr_line' id='line_1_19' title="bbox 97 1276 1642 1320; baseline 0.003 -12"><span class='ocrx_word' id='word_1_213' title='bbox 97 1276 276 1318; x_wconf 87' lang='lat' dir='ltr'>putandus</span> <span class='ocrx_word' id='word_1_214' title='bbox 297 1279 350 1308; x_wconf 88' lang='lat' dir='ltr'>est</span> <span class='ocrx_word' id='word_1_215' title='bbox 371 1277 430 1318; x_wconf 87' lang='lat' dir='ltr'>qui</span> <span class='ocrx_word' id='word_1_216' title='bbox 452 1278 516 1309; x_wconf 87' lang='grc'>473</span> <span class='ocrx_word' id='word_1_217' title='bbox 537 1277 680 1317; x_wconf 86' lang='lat' dir='ltr'>septima</span> <span class='ocrx_word' id='word_1_218' title='bbox 700 1277 835 1309; x_wconf 86' lang='lat' dir='ltr'>inutilis</span> <span class='ocrx_word' id='word_1_219' title='bbox 855 1281 948 1308; x_wconf 85' lang='lat' dir='ltr'>aestu</span> <span class='ocrx_word' id='word_1_220' title='bbox 969 1280 1005 1308; x_wconf 92' lang='lat' dir='ltr'>et</span> <span class='ocrx_word' id='word_1_221' title='bbox 1026 1288 1115 1318; x_wconf 86' lang='lat' dir='ltr'>quae</span> <span class='ocrx_word' id='word_1_222' title='bbox 1135 1281 1315 1320; x_wconf 82' lang='lat' dir='ltr'>praeterea</span> <span class='ocrx_word' id='word_1_223' title='bbox 1336 1280 1380 1311; x_wconf 89' lang='lat' dir='ltr'>ad</span> <span class='ocrx_word' id='word_1_224' title='bbox 1402 1289 1430 1311; x_wconf 88' lang='grc' dir='ltr'>Π</span> <span class='ocrx_word' id='word_1_225' title='bbox 1451 1281 1516 1312; x_wconf 87' lang='grc'>430</span> <span class='ocrx_word' id='word_1_226' title='bbox 1537 1280 1642 1312; x_wconf 83' lang='lat' dir='ltr'>attuli</span> 
     </span>
     <span class='ocr_line' id='line_1_20' title="bbox 96 1327 1642 1372; baseline 0.002 -13"><span class='ocrx_word' id='word_1_227' title='bbox 96 1327 251 1364; x_wconf 84' lang='lat' dir='ltr'>admisit,</span> <span class='ocrx_word' id='word_1_228' title='bbox 267 1337 379 1368; x_wconf 84' lang='lat' dir='ltr'>neque</span> <span class='ocrx_word' id='word_1_229' title='bbox 393 1328 556 1359; x_wconf 88' lang='lat' dir='ltr'>similium</span> <span class='ocrx_word' id='word_1_230' title='bbox 567 1327 779 1369; x_wconf 83' lang='lat' dir='ltr'>syllabarum</span> <span class='ocrx_word' id='word_1_231' title='bbox 791 1329 997 1369; x_wconf 85' lang='lat' dir='ltr'>repetitione</span> <span class='ocrx_word' id='word_1_232' title='bbox 1012 1328 1163 1361; x_wconf 86' lang='lat' dir='ltr'>offensus</span> <span class='ocrx_word' id='word_1_233' title='bbox 1176 1340 1248 1361; x_wconf 91' lang='lat' dir='ltr'>esse</span> <span class='ocrx_word' id='word_1_234' title='bbox 1262 1331 1322 1371; x_wconf 92' lang='lat' dir='ltr'>qui</span> <span class='ocrx_word' id='word_1_235' title='bbox 1333 1339 1361 1362; x_wconf 88' lang='grc' dir='ltr'>Π</span> <span class='ocrx_word' id='word_1_236' title='bbox 1372 1332 1437 1362; x_wconf 86' lang='grc'>242</span> <span class='ocrx_word' id='word_1_237' title='bbox 1447 1334 1642 1372; x_wconf 79' lang='lat' dir='ltr'>aequantem</span> 
     </span>
     <span class='ocr_line' id='line_1_21' title="bbox 103 1379 1635 1424; baseline 0.003 -14"><span class='ocrx_word' id='word_1_238' title='bbox 103 1382 261 1419; x_wconf 84' lang='lat' dir='ltr'>tempora,</span> <span class='ocrx_word' id='word_1_239' title='bbox 280 1387 323 1410; x_wconf 85' lang='grc' dir='ltr'>ΠΙ</span> <span class='ocrx_word' id='word_1_240' title='bbox 342 1380 384 1410; x_wconf 89' lang='grc'>85</span> <span class='ocrx_word' id='word_1_241' title='bbox 402 1379 570 1419; x_wconf 78' lang='lat' dir='ltr'>siqnisque</span> <span class='ocrx_word' id='word_1_242' title='bbox 588 1379 808 1419; x_wconf 84' lang='lat' dir='ltr'>sequentibus,</span> <span class='ocrx_word' id='word_1_243' title='bbox 827 1380 891 1411; x_wconf 87' lang='grc'>669</span> <span class='ocrx_word' id='word_1_244' title='bbox 908 1380 1197 1421; x_wconf 78' lang='lat' dir='ltr'>uersurafiquras,</span> <span class='ocrx_word' id='word_1_245' title='bbox 1216 1390 1255 1412; x_wconf 89' lang='lat' dir='ltr'>1v</span> <span class='ocrx_word' id='word_1_246' title='bbox 1275 1383 1337 1413; x_wconf 88' lang='lat'>165</span> <span class='ocrx_word' id='word_1_247' title='bbox 1351 1383 1477 1424; x_wconf 85' lang='lat' dir='ltr'>effusus</span> <span class='ocrx_word' id='word_1_248' title='bbox 1490 1382 1527 1413; x_wconf 86' lang='lat' dir='ltr'>in</span> <span class='ocrx_word' id='word_1_249' title='bbox 1540 1392 1635 1422; x_wconf 82' lang='lat' dir='ltr'>usus,</span> 
     </span>
     <span class='ocr_line' id='line_1_22' title="bbox 97 1430 1641 1475; baseline 0.003 -14"><span class='ocrx_word' id='word_1_250' title='bbox 97 1430 163 1462; x_wconf 81' lang='lat'>549</span> <span class='ocrx_word' id='word_1_251' title='bbox 183 1430 282 1462; x_wconf 76' lang='lat' dir='ltr'>iudex</span> <span class='ocrx_word' id='word_1_252' title='bbox 302 1440 439 1462; x_wconf 77' lang='lat' dir='ltr'>examen</span> <span class='ocrx_word' id='word_1_253' title='bbox 457 1440 528 1461; x_wconf 88' lang='lat' dir='ltr'>non</span> <span class='ocrx_word' id='word_1_254' title='bbox 547 1430 684 1471; x_wconf 80' lang='lat' dir='ltr'>refugit.</span> <span class='ocrx_word' id='word_1_255' title='bbox 734 1430 877 1462; x_wconf 90' lang='lat' dir='ltr'>tertium</span> <span class='ocrx_word' id='word_1_256' title='bbox 897 1434 1054 1472; x_wconf 83' lang='lat' dir='ltr'>superest</span> <span class='ocrx_word' id='word_1_257' title='bbox 1073 1432 1199 1463; x_wconf 83' lang='lat' dir='ltr'>uitium</span> <span class='ocrx_word' id='word_1_258' title='bbox 1218 1433 1255 1463; x_wconf 90' lang='lat' dir='ltr'>in</span> <span class='ocrx_word' id='word_1_259' title='bbox 1273 1434 1447 1465; x_wconf 86' lang='lat' dir='ltr'>sententia</span> <span class='ocrx_word' id='word_1_260' title='bbox 1466 1434 1641 1475; x_wconf 86' lang='lat' dir='ltr'>positum;</span> 
     </span>
     <span class='ocr_line' id='line_1_23' title="bbox 97 1481 1643 1526; baseline 0.003 -14"><span class='ocrx_word' id='word_1_261' title='bbox 97 1491 179 1512; x_wconf 87' lang='lat' dir='ltr'>nam</span> <span class='ocrx_word' id='word_1_262' title='bbox 207 1491 327 1512; x_wconf 86' lang='lat' dir='ltr'>uerum</span> <span class='ocrx_word' id='word_1_263' title='bbox 355 1491 425 1512; x_wconf 91' lang='lat' dir='ltr'>non</span> <span class='ocrx_word' id='word_1_264' title='bbox 452 1484 505 1513; x_wconf 88' lang='lat' dir='ltr'>est</span> <span class='ocrx_word' id='word_1_265' title='bbox 532 1481 693 1513; x_wconf 83' lang='lat' dir='ltr'>Cilicibus</span> <span class='ocrx_word' id='word_1_266' title='bbox 720 1482 835 1513; x_wconf 90' lang='lat' dir='ltr'>uicina</span> <span class='ocrx_word' id='word_1_267' title='bbox 862 1492 947 1513; x_wconf 78' lang='lat' dir='ltr'>arua</span> <span class='ocrx_word' id='word_1_268' title='bbox 975 1486 1037 1514; x_wconf 88' lang='lat' dir='ltr'>aut</span> <span class='ocrx_word' id='word_1_269' title='bbox 1064 1484 1181 1514; x_wconf 85' lang='lat' dir='ltr'>omnia</span> <span class='ocrx_word' id='word_1_270' title='bbox 1208 1487 1270 1516; x_wconf 86' lang='lat' dir='ltr'>aut</span> <span class='ocrx_word' id='word_1_271' title='bbox 1297 1484 1460 1526; x_wconf 79' lang='lat' dir='ltr'>pleraque</span> <span class='ocrx_word' id='word_1_272' title='bbox 1487 1485 1643 1526; x_wconf 83' lang='lat' dir='ltr'>Aquario</span> 
     </span>
     <span class='ocr_line' id='line_1_24' title="bbox 97 1532 1643 1577; baseline 0.003 -14"><span class='ocrx_word' id='word_1_273' title='bbox 97 1542 259 1563; x_wconf 83' lang='lat' dir='ltr'>concessa</span> <span class='ocrx_word' id='word_1_274' title='bbox 281 1541 365 1569; x_wconf 89' lang='lat' dir='ltr'>esse,</span> <span class='ocrx_word' id='word_1_275' title='bbox 389 1532 553 1573; x_wconf 84' lang='lat' dir='ltr'>quoniam</span> <span class='ocrx_word' id='word_1_276' title='bbox 579 1532 715 1573; x_wconf 82' lang='lat' dir='ltr'>Syriam</span> <span class='ocrx_word' id='word_1_277' title='bbox 737 1532 860 1570; x_wconf 87' lang='lat' dir='ltr'>Arieti,</span> <span class='ocrx_word' id='word_1_278' title='bbox 885 1533 1142 1574; x_wconf 80' lang='lat' dir='ltr'>Cappadociam</span> <span class='ocrx_word' id='word_1_279' title='bbox 1166 1534 1272 1566; x_wconf 85' lang='lat' dir='ltr'>Leoni</span> <span class='ocrx_word' id='word_1_280' title='bbox 1295 1535 1468 1577; x_wconf 84' lang='lat' dir='ltr'>adsignari</span> <span class='ocrx_word' id='word_1_281' title='bbox 1491 1536 1643 1568; x_wconf 91' lang='lat' dir='ltr'>uidimus</span> 
     </span>
     <span class='ocr_line' id='line_1_25' title="bbox 97 1583 1644 1629; baseline 0.003 -15"><span class='ocrx_word' id='word_1_282' title='bbox 97 1594 153 1614; x_wconf 86' lang='lat' dir='ltr'>uu.</span> <span class='ocrx_word' id='word_1_283' title='bbox 172 1583 236 1614; x_wconf 93' lang='lat'>750</span> <span class='ocrx_word' id='word_1_284' title='bbox 250 1586 286 1614; x_wconf 91' lang='lat' dir='ltr'>et</span> <span class='ocrx_word' id='word_1_285' title='bbox 300 1584 374 1615; x_wconf 88' lang='lat'>761.</span> <span class='ocrx_word' id='word_1_286' title='bbox 422 1583 540 1614; x_wconf 87' lang='lat' dir='ltr'>uicina</span> <span class='ocrx_word' id='word_1_287' title='bbox 555 1583 698 1615; x_wconf 79' lang='lat' dir='ltr'>Caribus</span> <span class='ocrx_word' id='word_1_288' title='bbox 712 1594 798 1615; x_wconf 87' lang='lat' dir='ltr'>arua</span> <span class='ocrx_word' id='word_1_289' title='bbox 812 1587 923 1615; x_wconf 86' lang='lat' dir='ltr'>terrae</span> <span class='ocrx_word' id='word_1_290' title='bbox 938 1587 1020 1615; x_wconf 91' lang='lat' dir='ltr'>sunt</span> <span class='ocrx_word' id='word_1_291' title='bbox 1034 1585 1125 1616; x_wconf 89' lang='lat' dir='ltr'>inter</span> <span class='ocrx_word' id='word_1_292' title='bbox 1138 1585 1260 1618; x_wconf 86' lang='lat' dir='ltr'>Cilicas</span> <span class='ocrx_word' id='word_1_293' title='bbox 1274 1589 1310 1618; x_wconf 90' lang='lat' dir='ltr'>et</span> <span class='ocrx_word' id='word_1_294' title='bbox 1324 1586 1455 1629; x_wconf 83' lang='lat' dir='ltr'>Virgini</span> <span class='ocrx_word' id='word_1_295' title='bbox 1470 1587 1644 1619; x_wconf 84' lang='lat' dir='ltr'>subiectos</span> 
     </span>
     <span class='ocr_line' id='line_1_26' title="bbox 96 1635 1644 1679; baseline 0.003 -13"><span class='ocrx_word' id='word_1_296' title='bbox 96 1635 201 1666; x_wconf 81' lang='lat' dir='ltr'>Caras</span> <span class='ocrx_word' id='word_1_297' title='bbox 228 1635 326 1672; x_wconf 80' lang='lat' dir='ltr'>sitae,</span> <span class='ocrx_word' id='word_1_298' title='bbox 353 1635 460 1676; x_wconf 83' lang='lat' dir='ltr'>Lycia</span> <span class='ocrx_word' id='word_1_299' title='bbox 486 1639 522 1667; x_wconf 87' lang='lat' dir='ltr'>et</span> <span class='ocrx_word' id='word_1_300' title='bbox 548 1635 780 1677; x_wconf 81' lang='lat' dir='ltr'>Pamphylia:</span> <span class='ocrx_word' id='word_1_301' title='bbox 820 1635 899 1667; x_wconf 89' lang='lat' dir='ltr'>uide</span> <span class='ocrx_word' id='word_1_302' title='bbox 927 1636 1027 1668; x_wconf 92' lang='lat' dir='ltr'>Ouid.</span> <span class='ocrx_word' id='word_1_303' title='bbox 1056 1640 1138 1668; x_wconf 86' lang='lat' dir='ltr'>met.</span> <span class='ocrx_word' id='word_1_304' title='bbox 1167 1646 1206 1668; x_wconf 87' lang='lat' dir='ltr'>1V</span> <span class='ocrx_word' id='word_1_305' title='bbox 1230 1639 1296 1670; x_wconf 84' lang='grc'>296</span> <span class='ocrx_word' id='word_1_306' title='bbox 1321 1648 1371 1679; x_wconf 89' lang='lat' dir='ltr'>sq.</span> <span class='ocrx_word' id='word_1_307' title='bbox 1399 1639 1523 1679; x_wconf 84' lang='lat' dir='ltr'>Lycias</span> <span class='ocrx_word' id='word_1_308' title='bbox 1547 1639 1644 1670; x_wconf 87' lang='lat' dir='ltr'>urbes</span> 
     </span>
     <span class='ocr_line' id='line_1_27' title="bbox 97 1685 1642 1731; baseline 0.003 -14"><span class='ocrx_word' id='word_1_309' title='bbox 97 1686 281 1727; x_wconf 75' lang='lat' dir='ltr'>Lyciaeque</span> <span class='ocrx_word' id='word_1_310' title='bbox 292 1687 503 1727; x_wconf 82' lang='lat' dir='ltr'>propinquos</span> <span class='ocrx_word' id='word_1_311' title='bbox 524 1685 529 1728; x_wconf 91' lang='grc' dir='ltr'>Ι</span> <span class='ocrx_word' id='word_1_312' title='bbox 549 1686 664 1718; x_wconf 87' lang='lat' dir='ltr'>Caras.</span> <span class='ocrx_word' id='word_1_313' title='bbox 714 1687 761 1718; x_wconf 86' lang='lat' dir='ltr'>sic</span> <span class='ocrx_word' id='word_1_314' title='bbox 777 1687 888 1718; x_wconf 89' lang='lat' dir='ltr'>omnis</span> <span class='ocrx_word' id='word_1_315' title='bbox 903 1686 1005 1719; x_wconf 88' lang='lat' dir='ltr'>Asiae</span> <span class='ocrx_word' id='word_1_316' title='bbox 1022 1698 1082 1719; x_wconf 84' lang='lat' dir='ltr'>ora</span> <span class='ocrx_word' id='word_1_317' title='bbox 1096 1688 1257 1731; x_wconf 85' lang='lat' dir='ltr'>Aegypto</span> <span class='ocrx_word' id='word_1_318' title='bbox 1273 1690 1434 1731; x_wconf 83' lang='lat' dir='ltr'>opposita</span> <span class='ocrx_word' id='word_1_319' title='bbox 1449 1690 1642 1731; x_wconf 88' lang='lat' dir='ltr'>Aquarium</span> 
     </span>
    </p>
   </div>
   <div class='ocr_carea' id='block_1_4' title="bbox 94 1744 1644 2882">
    <p class='ocr_par' dir='ltr' id='par_1_4' title="bbox 95 1744 1644 2062">
     <span class='ocr_line' id='line_1_28' title="bbox 95 1744 1643 1802; baseline 0.004 -12"><span class='ocrx_word' id='word_1_320' title='bbox 95 1760 263 1801; x_wconf 87' lang='lat' dir='ltr'>sequitur.</span> <span class='ocrx_word' id='word_1_321' title='bbox 312 1762 399 1801; x_wconf 85' lang='lat' dir='ltr'>puto</span> <span class='ocrx_word' id='word_1_322' title='bbox 429 1761 597 1802; x_wconf 87' lang='lat' dir='ltr'>scriptum</span> <span class='ocrx_word' id='word_1_323' title='bbox 627 1759 734 1792; x_wconf 81' lang='lat' dir='ltr'>fuisse</span> <span class='ocrx_word' id='word_1_324' title='bbox 764 1744 1043 1801; x_wconf 64' lang='lat' dir='ltr'>uicinaqdbribus</span> <span class='ocrx_word' id='word_1_325' title='bbox 1133 1762 1283 1794; x_wconf 84' lang='lat'>800-806</span> <span class='ocrx_word' id='word_1_326' title='bbox 1313 1762 1410 1795; x_wconf 83' lang='lat' dir='ltr'>Paul.</span> <span class='ocrx_word' id='word_1_327' title='bbox 1442 1763 1540 1796; x_wconf 79' lang='lat' dir='ltr'>Alex.</span> <span class='ocrx_word' id='word_1_328' title='bbox 1572 1764 1602 1795; x_wconf 92' lang='lat' dir='ltr'>A</span> <span class='ocrx_word' id='word_1_329' title='bbox 1622 1765 1643 1795; x_wconf 88' lang='lat'>4</span> 
     </span>
     <span class='ocr_line' id='line_1_29' title="bbox 98 1811 1644 1856; baseline 0.003 -14"><span class='ocrx_word' id='word_1_330' title='bbox 98 1813 196 1843; x_wconf 82' lang='grc' dir='ltr'>κεῖται</span> <span class='ocrx_word' id='word_1_331' title='bbox 226 1813 260 1843; x_wconf 77' lang='grc' dir='ltr'>δὲ</span> <span class='ocrx_word' id='word_1_332' title='bbox 284 1813 412 1848; x_wconf 84' lang='grc' dir='ltr'>κλίματι</span> <span class='ocrx_word' id='word_1_333' title='bbox 429 1811 474 1851; x_wconf 75' lang='grc' dir='ltr'>τῷ</span> <span class='ocrx_word' id='word_1_334' title='bbox 490 1814 553 1850; x_wconf 81' lang='grc' dir='ltr'>τῆσ</span> <span class='ocrx_word' id='word_1_335' title='bbox 580 1812 739 1853; x_wconf 82' lang='grc' dir='ltr'>Ἐρυθρᾶσ</span> <span class='ocrx_word' id='word_1_336' title='bbox 766 1813 949 1851; x_wconf 84' lang='grc' dir='ltr'>θαλάσσησ,</span> <span class='ocrx_word' id='word_1_337' title='bbox 975 1812 1089 1854; x_wconf 84' lang='lat' dir='ltr'>Heph.</span> <span class='ocrx_word' id='word_1_338' title='bbox 1116 1813 1223 1845; x_wconf 88' lang='lat' dir='ltr'>Theb.</span> <span class='ocrx_word' id='word_1_339' title='bbox 1245 1823 1259 1845; x_wconf 91' lang='grc' dir='ltr'><strong>Ι</strong></span> <span class='ocrx_word' id='word_1_340' title='bbox 1286 1816 1300 1846; x_wconf 91' lang='lat' dir='ltr'>l</span> <span class='ocrx_word' id='word_1_341' title='bbox 1328 1825 1361 1856; x_wconf 87' lang='lat' dir='ltr'>p.</span> <span class='ocrx_word' id='word_1_342' title='bbox 1382 1816 1424 1847; x_wconf 88' lang='grc'>66</span> <span class='ocrx_word' id='word_1_343' title='bbox 1444 1817 1458 1847; x_wconf 94' lang='lat' dir='ltr'>l</span> <span class='ocrx_word' id='word_1_344' title='bbox 1481 1817 1644 1848; x_wconf 80' lang='grc' dir='ltr'>ὑποκεῖται</span> 
     </span>
     <span class='ocr_line' id='line_1_30' title="bbox 98 1862 1644 1906; baseline 0.004 -13"><span class='ocrx_word' id='word_1_345' title='bbox 98 1862 125 1893; x_wconf 86' lang='grc' dir='ltr'>δ’</span> <span class='ocrx_word' id='word_1_346' title='bbox 152 1862 236 1903; x_wconf 77' lang='grc' dir='ltr'>αὐτῷ</span> <span class='ocrx_word' id='word_1_347' title='bbox 267 1864 287 1902; x_wconf 82' lang='grc' dir='ltr'>ἡ</span> <span class='ocrx_word' id='word_1_348' title='bbox 313 1863 448 1904; x_wconf 83' lang='grc' dir='ltr'>Ἐρυθρὰ</span> <span class='ocrx_word' id='word_1_349' title='bbox 483 1864 643 1903; x_wconf 83' lang='grc' dir='ltr'>θάλασσα,</span> <span class='ocrx_word' id='word_1_350' title='bbox 672 1862 766 1895; x_wconf 87' lang='lat' dir='ltr'>Vett.</span> <span class='ocrx_word' id='word_1_351' title='bbox 796 1863 869 1895; x_wconf 85' lang='lat' dir='ltr'>Val.</span> <span class='ocrx_word' id='word_1_352' title='bbox 898 1874 931 1906; x_wconf 82' lang='lat' dir='ltr'>p.</span> <span class='ocrx_word' id='word_1_353' title='bbox 961 1865 999 1896; x_wconf 90' lang='grc'>13</span> <span class='ocrx_word' id='word_1_354' title='bbox 1026 1865 1110 1896; x_wconf 84' lang='grc'>16-9</span> <span class='ocrx_word' id='word_1_355' title='bbox 1141 1868 1325 1906; x_wconf 82' lang='grc' dir='ltr'>προσ-κεῖται</span> <span class='ocrx_word' id='word_1_356' title='bbox 1358 1868 1390 1899; x_wconf 78' lang='grc' dir='ltr'>δὲ</span> <span class='ocrx_word' id='word_1_357' title='bbox 1422 1868 1552 1906; x_wconf 85' lang='grc' dir='ltr'>κλίματι</span> <span class='ocrx_word' id='word_1_358' title='bbox 1582 1870 1644 1906; x_wconf 83' lang='grc' dir='ltr'>τῆσ-</span> 
     </span>
     <span class='ocr_line' id='line_1_31' title="bbox 98 1916 1644 1960; baseline 0.004 -15"><span class='ocrx_word' id='word_1_359' title='bbox 98 1916 256 1955; x_wconf 77' lang='grc' dir='ltr'>Ἐρυθρᾶσ</span> <span class='ocrx_word' id='word_1_360' title='bbox 273 1916 446 1952; x_wconf 84' lang='grc' dir='ltr'>θαλάσσησ</span> <span class='ocrx_word' id='word_1_361' title='bbox 457 1938 464 1946; x_wconf 89' lang='grc'><strong>.</strong></span> <span class='ocrx_word' id='word_1_362' title='bbox 481 1938 489 1945; x_wconf 90' lang='grc'><strong>.</strong></span> <span class='ocrx_word' id='word_1_363' title='bbox 505 1938 513 1946; x_wconf 92' lang='grc'><strong>.</strong></span> <span class='ocrx_word' id='word_1_364' title='bbox 530 1918 563 1946; x_wconf 81' lang='grc' dir='ltr'>ἐν</span> <span class='ocrx_word' id='word_1_365' title='bbox 580 1916 614 1946; x_wconf 76' lang='grc' dir='ltr'>δὲ</span> <span class='ocrx_word' id='word_1_366' title='bbox 630 1917 701 1946; x_wconf 85' lang='grc' dir='ltr'>τοῖσ</span> <span class='ocrx_word' id='word_1_367' title='bbox 723 1917 954 1954; x_wconf 86' lang='grc' dir='ltr'>ἀπηλιωτικοῖσ</span> <span class='ocrx_word' id='word_1_368' title='bbox 970 1918 1066 1947; x_wconf 77' lang='grc' dir='ltr'>αὐτοῦ</span> <span class='ocrx_word' id='word_1_369' title='bbox 1086 1918 1195 1957; x_wconf 82' lang='grc' dir='ltr'>μέρεσι</span> <span class='ocrx_word' id='word_1_370' title='bbox 1210 1919 1268 1955; x_wconf 77' lang='grc' dir='ltr'>τὴν</span> <span class='ocrx_word' id='word_1_371' title='bbox 1284 1919 1426 1958; x_wconf 81' lang='grc' dir='ltr'>Παρθίαν</span> <span class='ocrx_word' id='word_1_372' title='bbox 1449 1920 1529 1959; x_wconf 84' lang='grc' dir='ltr'>ἔχει,</span> <span class='ocrx_word' id='word_1_373' title='bbox 1548 1929 1581 1960; x_wconf 84' lang='grc' dir='ltr'>Ρ.</span> <span class='ocrx_word' id='word_1_374' title='bbox 1604 1920 1644 1950; x_wconf 84' lang='grc'>14</span> 
     </span>
     <span class='ocr_line' id='line_1_32' title="bbox 97 1966 1644 2011; baseline 0.003 -14"><span class='ocrx_word' id='word_1_375' title='bbox 97 1966 162 1997; x_wconf 87' lang='lat'>5--7</span> <span class='ocrx_word' id='word_1_376' title='bbox 197 1967 374 2006; x_wconf 83' lang='grc' dir='ltr'>ἑμπρόσθια,</span> <span class='ocrx_word' id='word_1_377' title='bbox 408 1967 583 2006; x_wconf 78' lang='grc' dir='ltr'>Εὐφράτησ</span> <span class='ocrx_word' id='word_1_378' title='bbox 617 1969 668 1997; x_wconf 81' lang='grc' dir='ltr'>καὶ</span> <span class='ocrx_word' id='word_1_379' title='bbox 698 1968 821 2007; x_wconf 69' lang='grc' dir='ltr'>Τίγρισ·</span> <span class='ocrx_word' id='word_1_380' title='bbox 866 1968 950 2005; x_wconf 82' lang='grc' dir='ltr'>μέσα</span> <span class='ocrx_word' id='word_1_381' title='bbox 963 1990 970 1998; x_wconf 94' lang='grc'><em>.</em></span> <span class='ocrx_word' id='word_1_382' title='bbox 987 1990 995 1998; x_wconf 94' lang='grc'><strong><em>.</em></strong></span> <span class='ocrx_word' id='word_1_383' title='bbox 1010 1990 1019 1998; x_wconf 85' lang='grc'><strong>.</strong></span> <span class='ocrx_word' id='word_1_384' title='bbox 1037 1968 1172 2008; x_wconf 77' lang='grc' dir='ltr'>Ἐρυθρὰ</span> <span class='ocrx_word' id='word_1_385' title='bbox 1201 1970 1351 2000; x_wconf 83' lang='grc' dir='ltr'>θάλασσα</span> <span class='ocrx_word' id='word_1_386' title='bbox 1364 1993 1372 2000; x_wconf 86' lang='grc'><strong>.</strong></span> <span class='ocrx_word' id='word_1_387' title='bbox 1389 1993 1396 2001; x_wconf 94' lang='grc'><em>.</em></span> <span class='ocrx_word' id='word_1_388' title='bbox 1412 1993 1420 2001; x_wconf 93' lang='grc'><strong><em>.</em></strong></span> <span class='ocrx_word' id='word_1_389' title='bbox 1437 1972 1560 2011; x_wconf 80' lang='grc' dir='ltr'>Περσὶσ</span> <span class='ocrx_word' id='word_1_390' title='bbox 1592 1973 1644 2002; x_wconf 81' lang='grc' dir='ltr'>καὶ</span> 
     </span>
     <span class='ocr_line' id='line_1_33' title="bbox 98 2016 1507 2062; baseline 0.004 -14"><span class='ocrx_word' id='word_1_391' title='bbox 98 2018 126 2048; x_wconf 86' lang='grc' dir='ltr'>οἱ</span> <span class='ocrx_word' id='word_1_392' title='bbox 167 2018 318 2056; x_wconf 82' lang='grc' dir='ltr'>συνεχεῒσ</span> <span class='ocrx_word' id='word_1_393' title='bbox 352 2018 455 2055; x_wconf 88' lang='grc' dir='ltr'>τόποι,</span> <span class='ocrx_word' id='word_1_394' title='bbox 498 2016 620 2048; x_wconf 84' lang='lat' dir='ltr'>eadem</span> <span class='ocrx_word' id='word_1_395' title='bbox 663 2017 735 2048; x_wconf 86' lang='lat' dir='ltr'>fere</span> <span class='ocrx_word' id='word_1_396' title='bbox 776 2017 938 2057; x_wconf 85' lang='lat' dir='ltr'>Odapsus</span> <span class='ocrx_word' id='word_1_397' title='bbox 981 2027 1035 2059; x_wconf 89' lang='lat' dir='ltr'>ap.</span> <span class='ocrx_word' id='word_1_398' title='bbox 1078 2018 1193 2060; x_wconf 89' lang='lat' dir='ltr'>Heph.</span> <span class='ocrx_word' id='word_1_399' title='bbox 1235 2030 1267 2061; x_wconf 90' lang='lat' dir='ltr'>p.</span> <span class='ocrx_word' id='word_1_400' title='bbox 1315 2021 1356 2052; x_wconf 89' lang='lat'>66</span> <span class='ocrx_word' id='word_1_401' title='bbox 1397 2022 1417 2052; x_wconf 93' lang='lat'>5</span> <span class='ocrx_word' id='word_1_402' title='bbox 1457 2031 1507 2062; x_wconf 88' lang='lat' dir='ltr'>sq.</span> 
     </span>
    </p>

    <p class='ocr_par' dir='ltr' id='par_1_5' title="bbox 94 2067 1644 2882">
     <span class='ocr_line' id='line_1_34' title="bbox 188 2067 1642 2114; baseline 0.004 -16"><span class='ocrx_word' id='word_1_403' title='bbox 188 2067 251 2098; x_wconf 90' lang='grc'>800</span> <span class='ocrx_word' id='word_1_404' title='bbox 270 2071 316 2100; x_wconf 82' lang='lat' dir='ltr'>ab</span> <span class='ocrx_word' id='word_1_405' title='bbox 336 2067 466 2105; x_wconf 87' lang='lat' dir='ltr'>addidi,</span> <span class='ocrx_word' id='word_1_406' title='bbox 488 2067 584 2108; x_wconf 91' lang='lat' dir='ltr'>quod</span> <span class='ocrx_word' id='word_1_407' title='bbox 605 2068 707 2099; x_wconf 85' lang='lat' dir='ltr'>metri</span> <span class='ocrx_word' id='word_1_408' title='bbox 728 2078 832 2099; x_wconf 85' lang='lat' dir='ltr'>causa</span> <span class='ocrx_word' id='word_1_409' title='bbox 854 2068 1030 2100; x_wconf 86' lang='lat' dir='ltr'>abiectum</span> <span class='ocrx_word' id='word_1_410' title='bbox 1051 2073 1149 2110; x_wconf 86' lang='lat' dir='ltr'>puto,</span> <span class='ocrx_word' id='word_1_411' title='bbox 1171 2073 1212 2102; x_wconf 90' lang='lat' dir='ltr'>ut</span> <span class='ocrx_word' id='word_1_412' title='bbox 1232 2079 1245 2101; x_wconf 93' lang='lat'>1</span> <span class='ocrx_word' id='word_1_413' title='bbox 1266 2071 1330 2102; x_wconf 89' lang='grc'>217</span> <span class='ocrx_word' id='word_1_414' title='bbox 1352 2072 1406 2109; x_wconf 88' lang='lat' dir='ltr'>ad,</span> <span class='ocrx_word' id='word_1_415' title='bbox 1428 2082 1642 2114; x_wconf 84' lang='lat' dir='ltr'>quamquam</span> 
     </span>
     <span class='ocr_line' id='line_1_35' title="bbox 95 2117 1644 2164; baseline 0.005 -15"><span class='ocrx_word' id='word_1_416' title='bbox 95 2117 198 2150; x_wconf 80' lang='lat' dir='ltr'>facile</span> <span class='ocrx_word' id='word_1_417' title='bbox 218 2121 299 2160; x_wconf 88' lang='lat' dir='ltr'>post</span> <span class='ocrx_word' id='word_1_418' title='bbox 319 2119 377 2150; x_wconf 85' lang='lat' dir='ltr'>ubi</span> <span class='ocrx_word' id='word_1_419' title='bbox 397 2118 554 2150; x_wconf 78' lang='lat' dir='ltr'>excidere</span> <span class='ocrx_word' id='word_1_420' title='bbox 574 2120 702 2160; x_wconf 89' lang='lat' dir='ltr'>potuit,</span> <span class='ocrx_word' id='word_1_421' title='bbox 725 2120 819 2160; x_wconf 89' lang='lat' dir='ltr'>quod</span> <span class='ocrx_word' id='word_1_422' title='bbox 839 2120 876 2151; x_wconf 92' lang='lat' dir='ltr'>in</span> <span class='ocrx_word' id='word_1_423' title='bbox 897 2119 937 2151; x_wconf 92' lang='lat' dir='ltr'>ab</span> <span class='ocrx_word' id='word_1_424' title='bbox 959 2123 1135 2152; x_wconf 83' lang='lat' dir='ltr'>mutatum</span> <span class='ocrx_word' id='word_1_425' title='bbox 1157 2124 1210 2153; x_wconf 88' lang='lat' dir='ltr'>est</span> <span class='ocrx_word' id='word_1_426' title='bbox 1231 2121 1332 2164; x_wconf 91' lang='lat' dir='ltr'>Prop.</span> <span class='ocrx_word' id='word_1_427' title='bbox 1355 2131 1393 2154; x_wconf 83' lang='lat' dir='ltr'>IV</span> <span class='ocrx_word' id='word_1_428' title='bbox 1414 2124 1434 2155; x_wconf 88' lang='lat'><strong>9</strong></span> <span class='ocrx_word' id='word_1_429' title='bbox 1455 2124 1498 2154; x_wconf 85' lang='lat'>24</span> <span class='ocrx_word' id='word_1_430' title='bbox 1587 2127 1644 2156; x_wconf 82' lang='lat' dir='ltr'>his</span> 
     </span>
     <span class='ocr_line' id='line_1_36' title="bbox 98 2171 1644 2214; baseline 0.003 -11"><span class='ocrx_word' id='word_1_431' title='bbox 98 2180 163 2209; x_wconf 85' lang='lat' dir='ltr'>ope</span> <span class='ocrx_word' id='word_1_432' title='bbox 186 2171 358 2210; x_wconf 79' lang='lat' dir='ltr'>sumpta*</span> <span class='ocrx_word' id='word_1_433' title='bbox 384 2173 731 2210; x_wconf 85' lang='lat' dir='ltr'>(=iscpesuruptor)‚</span> <span class='ocrx_word' id='word_1_434' title='bbox 756 2174 869 2209; x_wconf 84' lang='lat' dir='ltr'>pisces</span> <span class='ocrx_word' id='word_1_435' title='bbox 895 2175 1045 2210; x_wconf 79' lang='lat' dir='ltr'>uruptor</span> <span class='ocrx_word' id='word_1_436' title='bbox 1070 2176 1115 2210; x_wconf 88' lang='lat' dir='ltr'>M,</span> <span class='ocrx_word' id='word_1_437' title='bbox 1142 2176 1248 2210; x_wconf 85' lang='lat' dir='ltr'>piscis</span> <span class='ocrx_word' id='word_1_438' title='bbox 1271 2178 1421 2212; x_wconf 86' lang='lat' dir='ltr'>uruptor</span> <span class='ocrx_word' id='word_1_439' title='bbox 1447 2178 1506 2214; x_wconf 82' lang='lat' dir='ltr'>GL,</span> <span class='ocrx_word' id='word_1_440' title='bbox 1536 2178 1644 2214; x_wconf 82' lang='lat' dir='ltr'>piscis</span> 
     </span>
     <span class='ocr_line' id='line_1_37' title="bbox 98 2221 1640 2267; baseline 0.003 -13"><span class='ocrx_word' id='word_1_441' title='bbox 98 2225 238 2260; x_wconf 85' lang='lat' dir='ltr'>emptor</span> <span class='ocrx_word' id='word_1_442' title='bbox 261 2221 336 2253; x_wconf 92' lang='lat' dir='ltr'>cod.</span> <span class='ocrx_word' id='word_1_443' title='bbox 364 2221 530 2259; x_wconf 90' lang='lat' dir='ltr'>Venetus,</span> <span class='ocrx_word' id='word_1_444' title='bbox 553 2222 647 2262; x_wconf 88' lang='lat' dir='ltr'>pisce</span> <span class='ocrx_word' id='word_1_445' title='bbox 671 2222 731 2253; x_wconf 87' lang='lat' dir='ltr'>sub</span> <span class='ocrx_word' id='word_1_446' title='bbox 757 2225 828 2253; x_wconf 85' lang='lat' dir='ltr'>atro</span> <span class='ocrx_word' id='word_1_447' title='bbox 852 2221 880 2254; x_wconf 94' lang='lat' dir='ltr'>I.</span> <span class='ocrx_word' id='word_1_448' title='bbox 908 2222 1051 2254; x_wconf 89' lang='lat' dir='ltr'>Vossius</span> <span class='ocrx_word' id='word_1_449' title='bbox 1076 2223 1120 2254; x_wconf 87' lang='lat' dir='ltr'>ad</span> <span class='ocrx_word' id='word_1_450' title='bbox 1146 2223 1270 2256; x_wconf 84' lang='lat' dir='ltr'>Catull.</span> <span class='ocrx_word' id='word_1_451' title='bbox 1295 2225 1338 2256; x_wconf 89' lang='lat'>36</span> <span class='ocrx_word' id='word_1_452' title='bbox 1365 2226 1416 2263; x_wconf 91' lang='grc'>12,</span> <span class='ocrx_word' id='word_1_453' title='bbox 1436 2226 1554 2267; x_wconf 83' lang='lat' dir='ltr'>peiora</span> <span class='ocrx_word' id='word_1_454' title='bbox 1573 2226 1640 2263; x_wconf 78' lang='lat' dir='ltr'>alii,</span> 
     </span>
     <span class='ocr_line' id='line_1_38' title="bbox 98 2273 1644 2318; baseline 0.005 -15"><span class='ocrx_word' id='word_1_455' title='bbox 98 2281 125 2303; x_wconf 89' lang='lat'>11</span> <span class='ocrx_word' id='word_1_456' title='bbox 143 2274 185 2305; x_wconf 85' lang='lat'>33</span> <span class='ocrx_word' id='word_1_457' title='bbox 201 2273 261 2313; x_wconf 87' lang='lat' dir='ltr'>(ad</span> <span class='ocrx_word' id='word_1_458' title='bbox 276 2273 388 2304; x_wconf 86' lang='lat' dir='ltr'>sidera</span> <span class='ocrx_word' id='word_1_459' title='bbox 403 2273 541 2312; x_wconf 89' lang='lat' dir='ltr'>ductos)</span> <span class='ocrx_word' id='word_1_460' title='bbox 555 2273 671 2305; x_wconf 80' lang='lat' dir='ltr'>Pisces</span> <span class='ocrx_word' id='word_1_461' title='bbox 686 2273 876 2313; x_wconf 70' lang='lat' dir='ltr'>Cythereide</span> <span class='ocrx_word' id='word_1_462' title='bbox 889 2283 998 2311; x_wconf 84' lang='lat' dir='ltr'>uersa,</span> <span class='ocrx_word' id='word_1_463' title='bbox 1013 2283 1051 2305; x_wconf 90' lang='lat' dir='ltr'>1v</span> <span class='ocrx_word' id='word_1_464' title='bbox 1066 2275 1194 2306; x_wconf 84' lang='lat'>579—81</span> <span class='ocrx_word' id='word_1_465' title='bbox 1212 2274 1250 2306; x_wconf 91' lang='lat' dir='ltr'>in</span> <span class='ocrx_word' id='word_1_466' title='bbox 1261 2275 1388 2316; x_wconf 78' lang='lat' dir='ltr'>piscem</span> <span class='ocrx_word' id='word_1_467' title='bbox 1402 2287 1470 2309; x_wconf 86' lang='lat' dir='ltr'>sese</span> <span class='ocrx_word' id='word_1_468' title='bbox 1485 2277 1644 2318; x_wconf 77' lang='lat' dir='ltr'>Cytherea</span> 
     </span>
     <span class='ocr_line' id='line_1_39' title="bbox 99 2322 1644 2369; baseline 0.003 -14"><span class='ocrx_word' id='word_1_469' title='bbox 99 2324 252 2361; x_wconf 83' lang='lat' dir='ltr'>nouauit,</span> <span class='ocrx_word' id='word_1_470' title='bbox 275 2322 280 2367; x_wconf 88' lang='grc' dir='ltr'>Ι</span> <span class='ocrx_word' id='word_1_471' title='bbox 300 2333 376 2356; x_wconf 85' lang='lat' dir='ltr'>curn</span> <span class='ocrx_word' id='word_1_472' title='bbox 417 2324 664 2365; x_wconf 77' lang='lat' dir='ltr'>Babyloniacas</span> <span class='ocrx_word' id='word_1_473' title='bbox 700 2334 885 2356; x_wconf 84' lang='lat' dir='ltr'>summersa</span> <span class='ocrx_word' id='word_1_474' title='bbox 924 2324 1072 2366; x_wconf 81' lang='lat' dir='ltr'>profuqit</span> <span class='ocrx_word' id='word_1_475' title='bbox 1109 2326 1147 2357; x_wconf 87' lang='lat' dir='ltr'>in</span> <span class='ocrx_word' id='word_1_476' title='bbox 1183 2326 1293 2358; x_wconf 88' lang='lat' dir='ltr'>undas</span> <span class='ocrx_word' id='word_1_477' title='bbox 1314 2324 1319 2369; x_wconf 89' lang='grc' dir='ltr'>Ι</span> <span class='ocrx_word' id='word_1_478' title='bbox 1338 2327 1502 2368; x_wconf 77' lang='lat' dir='ltr'>alipedem</span> <span class='ocrx_word' id='word_1_479' title='bbox 1538 2330 1644 2361; x_wconf 87' lang='lat' dir='ltr'>alatos</span> 
     </span>
     <span class='ocr_line' id='line_1_40' title="bbox 100 2374 1643 2419; baseline 0.004 -13"><span class='ocrx_word' id='word_1_480' title='bbox 100 2385 230 2407; x_wconf 88' lang='lat' dir='ltr'>umeros</span> <span class='ocrx_word' id='word_1_481' title='bbox 263 2374 431 2416; x_wconf 80' lang='lat' dir='ltr'>Typhona</span> <span class='ocrx_word' id='word_1_482' title='bbox 457 2375 630 2416; x_wconf 82' lang='lat' dir='ltr'>ferentem.</span> <span class='ocrx_word' id='word_1_483' title='bbox 679 2374 835 2406; x_wconf 86' lang='lat' dir='ltr'>fabulam</span> <span class='ocrx_word' id='word_1_484' title='bbox 867 2379 986 2407; x_wconf 84' lang='lat' dir='ltr'>narrat</span> <span class='ocrx_word' id='word_1_485' title='bbox 1018 2376 1178 2417; x_wconf 84' lang='lat' dir='ltr'>Hyginus</span> <span class='ocrx_word' id='word_1_486' title='bbox 1210 2380 1292 2408; x_wconf 88' lang='lat' dir='ltr'>astr.</span> <span class='ocrx_word' id='word_1_487' title='bbox 1326 2386 1355 2409; x_wconf 89' lang='lat'>11</span> <span class='ocrx_word' id='word_1_488' title='bbox 1387 2379 1429 2410; x_wconf 90' lang='lat'>30</span> <span class='ocrx_word' id='word_1_489' title='bbox 1459 2379 1643 2419; x_wconf 81' lang='lat' dir='ltr'>Dioynetus</span> 
     </span>
     <span class='ocr_line' id='line_1_41' title="bbox 103 2425 1643 2472; baseline 0.004 -15"><span class='ocrx_word' id='word_1_490' title='bbox 103 2425 308 2466; x_wconf 80' lang='lat' dir='ltr'>Erythraeus</span> <span class='ocrx_word' id='word_1_491' title='bbox 325 2426 374 2458; x_wconf 84' lang='lat' dir='ltr'>ait</span> <span class='ocrx_word' id='word_1_492' title='bbox 389 2426 531 2467; x_wconf 88' lang='lat' dir='ltr'>quodam</span> <span class='ocrx_word' id='word_1_493' title='bbox 548 2430 690 2467; x_wconf 80' lang='lat' dir='ltr'>ternpore</span> <span class='ocrx_word' id='word_1_494' title='bbox 714 2427 870 2458; x_wconf 83' lang='lat' dir='ltr'>Venerem</span> <span class='ocrx_word' id='word_1_495' title='bbox 886 2436 962 2459; x_wconf 90' lang='lat' dir='ltr'>cum</span> <span class='ocrx_word' id='word_1_496' title='bbox 979 2427 1151 2468; x_wconf 79' lang='lat' dir='ltr'>Cupidine</span> <span class='ocrx_word' id='word_1_497' title='bbox 1160 2427 1237 2469; x_wconf 84' lang='lat' dir='ltr'>filio</span> <span class='ocrx_word' id='word_1_498' title='bbox 1255 2429 1292 2461; x_wconf 88' lang='lat' dir='ltr'>in</span> <span class='ocrx_word' id='word_1_499' title='bbox 1305 2429 1441 2470; x_wconf 81' lang='lat' dir='ltr'>Syriam</span> <span class='ocrx_word' id='word_1_500' title='bbox 1458 2430 1502 2462; x_wconf 88' lang='lat' dir='ltr'>ad</span> <span class='ocrx_word' id='word_1_501' title='bbox 1511 2431 1643 2472; x_wconf 88' lang='lat' dir='ltr'>flumen</span> 
     </span>
     <span class='ocr_line' id='line_1_42' title="bbox 105 2477 1644 2519; baseline 0.004 -11"><span class='ocrx_word' id='word_1_502' title='bbox 105 2477 300 2517; x_wconf 81' lang='lat' dir='ltr'>Euphraten</span> <span class='ocrx_word' id='word_1_503' title='bbox 319 2477 462 2515; x_wconf 88' lang='lat' dir='ltr'>uenisse,</span> <span class='ocrx_word' id='word_1_504' title='bbox 485 2478 594 2510; x_wconf 87' lang='lat' dir='ltr'>eodem</span> <span class='ocrx_word' id='word_1_505' title='bbox 614 2478 682 2509; x_wconf 89' lang='lat' dir='ltr'>loco</span> <span class='ocrx_word' id='word_1_506' title='bbox 702 2481 832 2518; x_wconf 86' lang='lat' dir='ltr'>repente</span> <span class='ocrx_word' id='word_1_507' title='bbox 856 2477 1022 2518; x_wconf 79' lang='lat' dir='ltr'>Typhona</span> <span class='ocrx_word' id='word_1_508' title='bbox 1039 2502 1046 2510; x_wconf 87' lang='lat'>.</span> <span class='ocrx_word' id='word_1_509' title='bbox 1066 2503 1073 2510; x_wconf 94' lang='lat'>.</span> <span class='ocrx_word' id='word_1_510' title='bbox 1093 2503 1101 2510; x_wconf 92' lang='lat'>.</span> <span class='ocrx_word' id='word_1_511' title='bbox 1120 2479 1330 2519; x_wconf 82' lang='lat' dir='ltr'>apparuisse,</span> <span class='ocrx_word' id='word_1_512' title='bbox 1358 2480 1513 2514; x_wconf 81' lang='lat' dir='ltr'>Venerem</span> <span class='ocrx_word' id='word_1_513' title='bbox 1533 2485 1644 2514; x_wconf 83' lang='lat' dir='ltr'>autem</span> 
     </span>
     <span class='ocr_line' id='line_1_43' title="bbox 99 2528 1641 2574; baseline 0.004 -15"><span class='ocrx_word' id='word_1_514' title='bbox 99 2538 177 2559; x_wconf 86' lang='lat' dir='ltr'>curn</span> <span class='ocrx_word' id='word_1_515' title='bbox 188 2528 265 2569; x_wconf 84' lang='lat' dir='ltr'>filio</span> <span class='ocrx_word' id='word_1_516' title='bbox 284 2528 322 2559; x_wconf 88' lang='lat' dir='ltr'>in</span> <span class='ocrx_word' id='word_1_517' title='bbox 333 2529 464 2570; x_wconf 86' lang='lat' dir='ltr'>flumen</span> <span class='ocrx_word' id='word_1_518' title='bbox 481 2539 516 2560; x_wconf 87' lang='lat' dir='ltr'>se</span> <span class='ocrx_word' id='word_1_519' title='bbox 530 2529 709 2569; x_wconf 83' lang='lat' dir='ltr'>proiecisse</span> <span class='ocrx_word' id='word_1_520' title='bbox 729 2532 757 2559; x_wconf 86' lang='lat' dir='ltr'>et</span> <span class='ocrx_word' id='word_1_521' title='bbox 776 2529 823 2560; x_wconf 87' lang='lat' dir='ltr'>ibi</span> <span class='ocrx_word' id='word_1_522' title='bbox 834 2529 983 2569; x_wconf 79' lang='lat' dir='ltr'>fiquram</span> <span class='ocrx_word' id='word_1_523' title='bbox 999 2529 1148 2570; x_wconf 85' lang='lat' dir='ltr'>piscium</span> <span class='ocrx_word' id='word_1_524' title='bbox 1159 2530 1273 2572; x_wconf 84' lang='lat' dir='ltr'>forma</span> <span class='ocrx_word' id='word_1_525' title='bbox 1291 2534 1445 2570; x_wconf 78' lang='lat' dir='ltr'>niutasse,</span> <span class='ocrx_word' id='word_1_526' title='bbox 1464 2543 1527 2573; x_wconf 88' lang='lat' dir='ltr'>quo</span> <span class='ocrx_word' id='word_1_527' title='bbox 1539 2533 1641 2574; x_wconf 83' lang='lat' dir='ltr'>facto,</span> 
     </span>
     <span class='ocr_line' id='line_1_44' title="bbox 98 2579 1642 2625; baseline 0.005 -16"><span class='ocrx_word' id='word_1_528' title='bbox 98 2579 249 2620; x_wconf 86' lang='lat' dir='ltr'>periculo</span> <span class='ocrx_word' id='word_1_529' title='bbox 274 2589 341 2610; x_wconf 79' lang='lat' dir='ltr'>esse</span> <span class='ocrx_word' id='word_1_530' title='bbox 364 2579 516 2611; x_wconf 87' lang='lat' dir='ltr'>liberatos</span> <span class='ocrx_word' id='word_1_531' title='bbox 533 2582 568 2611; x_wconf 87' lang='lat' dir='ltr'>et</span> <span class='ocrx_word' id='word_1_532' title='bbox 586 2579 691 2621; x_wconf 90' lang='lat' dir='ltr'>paulo</span> <span class='ocrx_word' id='word_1_533' title='bbox 710 2579 809 2611; x_wconf 85' lang='lat' dir='ltr'>aliter</span> <span class='ocrx_word' id='word_1_534' title='bbox 827 2579 971 2612; x_wconf 86' lang='lat' dir='ltr'>Ouidius</span> <span class='ocrx_word' id='word_1_535' title='bbox 994 2579 1076 2612; x_wconf 75' lang='lat' dir='ltr'>fast.</span> <span class='ocrx_word' id='word_1_536' title='bbox 1103 2590 1131 2613; x_wconf 89' lang='lat'>11</span> <span class='ocrx_word' id='word_1_537' title='bbox 1154 2582 1285 2613; x_wconf 82' lang='lat'>457—72</span> <span class='ocrx_word' id='word_1_538' title='bbox 1309 2583 1379 2614; x_wconf 89' lang='lat' dir='ltr'>iam</span> <span class='ocrx_word' id='word_1_539' title='bbox 1402 2584 1487 2615; x_wconf 85' lang='lat' dir='ltr'>leuis</span> <span class='ocrx_word' id='word_1_540' title='bbox 1510 2584 1642 2625; x_wconf 87' lang='lat' dir='ltr'>obliqua</span> 
     </span>
     <span class='ocr_line' id='line_1_45' title="bbox 101 2629 1644 2677; baseline 0.004 -16"><span class='ocrx_word' id='word_1_541' title='bbox 101 2630 247 2662; x_wconf 84' lang='lat' dir='ltr'>subsedit</span> <span class='ocrx_word' id='word_1_542' title='bbox 263 2630 439 2670; x_wconf 85' lang='lat' dir='ltr'>Aquarius</span> <span class='ocrx_word' id='word_1_543' title='bbox 455 2641 543 2662; x_wconf 88' lang='lat' dir='ltr'>urna</span> <span class='ocrx_word' id='word_1_544' title='bbox 561 2641 572 2661; x_wconf 78' lang='lat'>.·</span> <span class='ocrx_word' id='word_1_545' title='bbox 595 2629 599 2673; x_wconf 90' lang='grc' dir='ltr'>Ι</span> <span class='ocrx_word' id='word_1_546' title='bbox 615 2631 798 2671; x_wconf 78' lang='lat' dir='ltr'>proximus</span> <span class='ocrx_word' id='word_1_547' title='bbox 814 2630 975 2663; x_wconf 78' lang='lat' dir='ltr'>aetherios</span> <span class='ocrx_word' id='word_1_548' title='bbox 992 2632 1114 2672; x_wconf 76' lang='lat' dir='ltr'>excipe,</span> <span class='ocrx_word' id='word_1_549' title='bbox 1129 2632 1251 2670; x_wconf 87' lang='lat' dir='ltr'>Piscis,</span> <span class='ocrx_word' id='word_1_550' title='bbox 1267 2644 1372 2674; x_wconf 63' lang='lat' dir='ltr'>equosz</span> <span class='ocrx_word' id='word_1_551' title='bbox 1397 2632 1401 2677; x_wconf 89' lang='grc' dir='ltr'>Ι</span> <span class='ocrx_word' id='word_1_552' title='bbox 1421 2637 1450 2665; x_wconf 90' lang='lat' dir='ltr'>te</span> <span class='ocrx_word' id='word_1_553' title='bbox 1462 2640 1644 2668; x_wconf 82' lang='lat' dir='ltr'>memorant</span> 
     </span>
     <span class='ocr_line' id='line_1_46' title="bbox 94 2680 1642 2729; baseline 0.005 -17"><span class='ocrx_word' id='word_1_554' title='bbox 94 2682 298 2723; x_wconf 77' lang='lat' dir='ltr'>fratremque</span> <span class='ocrx_word' id='word_1_555' title='bbox 317 2684 412 2713; x_wconf 76' lang='lat' dir='ltr'>tuum</span> <span class='ocrx_word' id='word_1_556' title='bbox 433 2682 528 2721; x_wconf 88' lang='lat' dir='ltr'>(nam</span> <span class='ocrx_word' id='word_1_557' title='bbox 548 2681 663 2713; x_wconf 88' lang='lat' dir='ltr'>iuncta</span> <span class='ocrx_word' id='word_1_558' title='bbox 682 2681 814 2713; x_wconf 87' lang='lat' dir='ltr'>micatis</span> <span class='ocrx_word' id='word_1_559' title='bbox 835 2680 840 2725; x_wconf 87' lang='grc' dir='ltr'>Ι</span> <span class='ocrx_word' id='word_1_560' title='bbox 859 2682 971 2722; x_wconf 80' lang='lat' dir='ltr'>siqna)</span> <span class='ocrx_word' id='word_1_561' title='bbox 991 2683 1074 2715; x_wconf 89' lang='lat' dir='ltr'>duos</span> <span class='ocrx_word' id='word_1_562' title='bbox 1093 2686 1178 2724; x_wconf 78' lang='lat' dir='ltr'>teryo</span> <span class='ocrx_word' id='word_1_563' title='bbox 1197 2684 1398 2717; x_wconf 81' lang='lat' dir='ltr'>sustinuisse</span> <span class='ocrx_word' id='word_1_564' title='bbox 1417 2685 1501 2718; x_wconf 88' lang='lat' dir='ltr'>deos.</span> <span class='ocrx_word' id='word_1_565' title='bbox 1526 2685 1530 2729; x_wconf 90' lang='grc' dir='ltr'>Ι</span> <span class='ocrx_word' id='word_1_566' title='bbox 1550 2688 1642 2719; x_wconf 83' lang='lat' dir='ltr'>terri-</span> 
     </span>
     <span class='ocr_line' id='line_1_47' title="bbox 100 2732 1642 2778; baseline 0.003 -13"><span class='ocrx_word' id='word_1_567' title='bbox 100 2733 200 2765; x_wconf 78' lang='lat' dir='ltr'>bilem</span> <span class='ocrx_word' id='word_1_568' title='bbox 228 2732 395 2773; x_wconf 86' lang='lat' dir='ltr'>quondam</span> <span class='ocrx_word' id='word_1_569' title='bbox 417 2732 555 2773; x_wconf 77' lang='lat' dir='ltr'>fuyiens</span> <span class='ocrx_word' id='word_1_570' title='bbox 587 2733 753 2774; x_wconf 80' lang='lat' dir='ltr'>Typhona</span> <span class='ocrx_word' id='word_1_571' title='bbox 785 2733 905 2771; x_wconf 86' lang='lat' dir='ltr'>Dione,</span> <span class='ocrx_word' id='word_1_572' title='bbox 929 2732 933 2776; x_wconf 91' lang='grc' dir='ltr'>Ι</span> <span class='ocrx_word' id='word_1_573' title='bbox 953 2737 1023 2766; x_wconf 80' lang='lat' dir='ltr'>tum</span> <span class='ocrx_word' id='word_1_574' title='bbox 1051 2744 1127 2766; x_wconf 88' lang='lat' dir='ltr'>cum</span> <span class='ocrx_word' id='word_1_575' title='bbox 1151 2745 1215 2775; x_wconf 89' lang='lat' dir='ltr'>pro</span> <span class='ocrx_word' id='word_1_576' title='bbox 1243 2736 1331 2767; x_wconf 89' lang='lat' dir='ltr'>caelo</span> <span class='ocrx_word' id='word_1_577' title='bbox 1361 2736 1519 2778; x_wconf 80' lang='lat' dir='ltr'>Iuppiter</span> <span class='ocrx_word' id='word_1_578' title='bbox 1546 2749 1642 2771; x_wconf 86' lang='lat' dir='ltr'>arma</span> 
     </span>
     <span class='ocr_line' id='line_1_48' title="bbox 102 2782 1642 2830; baseline 0.005 -15"><span class='ocrx_word' id='word_1_579' title='bbox 102 2785 190 2821; x_wconf 81' lang='lat' dir='ltr'>tulit,</span> <span class='ocrx_word' id='word_1_580' title='bbox 213 2782 217 2827; x_wconf 89' lang='grc' dir='ltr'>Ι</span> <span class='ocrx_word' id='word_1_581' title='bbox 237 2784 330 2816; x_wconf 84' lang='lat' dir='ltr'>uenit</span> <span class='ocrx_word' id='word_1_582' title='bbox 349 2784 393 2815; x_wconf 87' lang='lat' dir='ltr'>ad</span> <span class='ocrx_word' id='word_1_583' title='bbox 414 2784 609 2824; x_wconf 79' lang='lat' dir='ltr'>Euphraten</span> <span class='ocrx_word' id='word_1_584' title='bbox 628 2785 781 2816; x_wconf 85' lang='lat' dir='ltr'>comitata</span> <span class='ocrx_word' id='word_1_585' title='bbox 801 2785 971 2825; x_wconf 87' lang='lat' dir='ltr'>Cupidine</span> <span class='ocrx_word' id='word_1_586' title='bbox 988 2796 1098 2826; x_wconf 86' lang='lat' dir='ltr'>paruo</span> <span class='ocrx_word' id='word_1_587' title='bbox 1119 2784 1124 2829; x_wconf 84' lang='grc' dir='ltr'>Ι</span> <span class='ocrx_word' id='word_1_588' title='bbox 1144 2786 1243 2827; x_wconf 76' lang='lat' dir='ltr'>inque</span> <span class='ocrx_word' id='word_1_589' title='bbox 1261 2787 1474 2820; x_wconf 83' lang='lat' dir='ltr'>Palaestinae</span> <span class='ocrx_word' id='word_1_590' title='bbox 1493 2790 1642 2830; x_wconf 81' lang='lat' dir='ltr'>maryine</span> 
     </span>
     <span class='ocr_line' id='line_1_49' title="bbox 97 2836 1642 2882; baseline 0.004 -15"><span class='ocrx_word' id='word_1_591' title='bbox 97 2836 184 2868; x_wconf 74' lang='lat' dir='ltr'>sedit</span> <span class='ocrx_word' id='word_1_592' title='bbox 205 2845 310 2876; x_wconf 85' lang='lat' dir='ltr'>aquae</span> <span class='ocrx_word' id='word_1_593' title='bbox 327 2859 333 2866; x_wconf 89' lang='lat'>.</span> <span class='ocrx_word' id='word_1_594' title='bbox 354 2860 360 2866; x_wconf 94' lang='lat'>.</span> <span class='ocrx_word' id='word_1_595' title='bbox 381 2859 388 2866; x_wconf 88' lang='lat'>.</span> <span class='ocrx_word' id='word_1_596' title='bbox 407 2839 504 2876; x_wconf 87' lang='lat' dir='ltr'>utque</span> <span class='ocrx_word' id='word_1_597' title='bbox 525 2836 605 2867; x_wconf 86' lang='lat' dir='ltr'>sinu</span> <span class='ocrx_word' id='word_1_598' title='bbox 626 2836 731 2868; x_wconf 84' lang='lat' dir='ltr'>tenuit</span> <span class='ocrx_word' id='word_1_599' title='bbox 751 2839 868 2868; x_wconf 81' lang='lat' dir='ltr'>natum</span> <span class='ocrx_word' id='word_1_600' title='bbox 892 2836 1103 2875; x_wconf 84' lang='lat' dir='ltr'>‘succurrite,</span> <span class='ocrx_word' id='word_1_601' title='bbox 1125 2838 1302 2879; x_wconf 81' lang='lat' dir='ltr'>nymphae,</span> <span class='ocrx_word' id='word_1_602' title='bbox 1326 2837 1330 2882; x_wconf 87' lang='grc' dir='ltr'>Ι</span> <span class='ocrx_word' id='word_1_603' title='bbox 1351 2842 1379 2870; x_wconf 79' lang='lat' dir='ltr'>et</span> <span class='ocrx_word' id='word_1_604' title='bbox 1399 2840 1452 2872; x_wconf 88' lang='lat' dir='ltr'>dis</span> <span class='ocrx_word' id='word_1_605' title='bbox 1473 2841 1642 2873; x_wconf 75' lang='lat' dir='ltr'>auxilium</span> 
     </span>
    </p>
   </div>
  </div>
 </body>
</html>
