1872 3183
573 155 1058 199 ASTRONOMICON
1090 155 1156 197 IV
1584 159 1637 198 35

265 268 377 310 mille
396 268 474 310 sub
493 267 571 309 hoc
591 267 790 310 habitant
809 271 933 316 artes,
954 281 1060 322 quas
1079 270 1291 321 temperat
1310 265 1438 308 unda.

265 343 421 398 quippe
441 342 570 384 etiam
590 341 736 382 mundi
755 341 905 383 faciem
924 340 1124 395 sedesque
1144 339 1334 382 mouebit

264 417 444 458 sidereas
463 415 708 471 caelumque
728 429 886 457 nouum
905 414 1092 457 uersabit
1111 415 1154 456 in
1173 414 1332 456 orbem.

265 601 373 641 quae
392 601 465 641 per
484 600 616 641 aquas
636 586 825 634 ueniunt,
847 599 1034 640 operum,
1055 584 1268 640 fontisque
1288 588 1533 639 sequontur.

140 668 208 700 270
264 660 367 702 mite
385 674 515 715 genus
535 659 759 714 dulcesque
779 659 917 701 fluunt
936 673 961 700 a
980 658 1113 700 sidere
1132 663 1295 714 partus

263 739 434 790 pectora
454 748 528 776 nec
548 733 720 775 sordent
738 748 747 783 ;
783 733 924 776 faciles
944 733 987 774 in
1007 733 1164 774 damna
1183 732 1377 774 feruntur
1397 746 1405 781 ;

263 823 338 850 nec
359 808 476 850 deest
495 822 570 850 nec
591 812 780 863 superest
799 821 958 849 census.
1016 807 1073 849 sic
1093 806 1265 862 profluit
1285 820 1404 848 urna.

142 969 206 1000 266
231 972 323 1001 artes
348 969 393 1000 ab
418 969 483 1001 hoc
508 969 618 1000 sidere
643 969 794 1000 tributas
820 978 923 1009 aqua,
949 977 1038 1008 quae
1064 977 1183 998 earum
1209 967 1356 998 materia
1380 969 1444 1003 est,
1472 968 1635 997 naturam

97 1031 197 1053 suam
219 1021 475 1052 commiscendo
498 1024 672 1062 temperat
761 1021 823 1052 267
846 1020 908 1051 268
932 1019 984 1051 his
1007 1019 1175 1056 uersibus,
1199 1028 1286 1060 quos
1315 1018 1465 1059 Scaliger
1487 1017 1636 1049 absurde

97 1072 143 1104 ad
178 1072 376 1104 calendaria
404 1076 440 1104 et
472 1073 621 1104 Metonis
653 1074 992 1111 ἐννεακαιδεκετηρίδα,
1027 1071 1065 1102 F.
1098 1070 1221 1102 Iunius
1262 1073 1298 1101 et
1328 1069 1516 1102 Salmasius
1547 1069 1635 1101 Plin.

96 1134 207 1155 exerc.
230 1134 258 1155 c.
283 1125 324 1156 37
346 1135 379 1165 p.
403 1125 468 1155 519
488 1124 541 1155 ed.
562 1134 616 1155 an.
643 1124 728 1155 1689
749 1123 794 1154 ad
815 1123 957 1154 Ctesibii
978 1122 1194 1163 horologium
1215 1132 1258 1153 ex
1280 1131 1372 1162 aqua
1392 1123 1636 1162 comparatum

96 1174 316 1212 rettulerant,
334 1174 529 1216 significari,
547 1184 634 1215 quos
651 1173 792 1216 Pappus
808 1172 1064 1205 Alexandrinus
1080 1181 1148 1204 VI11
1164 1173 1184 1203 2
1202 1173 1249 1214 (p.
1271 1172 1356 1204 1026
1372 1170 1425 1203 ed.
1445 1170 1637 1209 Hultschii)

97 1228 360 1263 commemorat,
396 1228 473 1257 τοὺσ
504 1228 567 1257 τὰσ
599 1228 827 1266 σφαιροποιίασ
858 1227 1102 1263 ἐπισταμένουσ,
1138 1224 1191 1263 ὑφ’
1223 1226 1264 1255 ὧν
1295 1226 1385 1255 εἰκὼν
1414 1225 1469 1255 τοῦ
1505 1224 1637 1263 ούρανοῦ

99 1280 369 1317 κατασκευάζεται
402 1278 441 1309 δι’
476 1279 601 1316 ὀμαλῆσ
639 1280 691 1309 καὶ
729 1279 895 1318 ἐγκυκλίου
932 1278 1086 1315 κινήσεωσ
1115 1278 1243 1313 ὕδατοσ,
1272 1275 1445 1306 intellexit
1474 1274 1511 1305 P.
1546 1273 1636 1305 Tan-

97 1329 213 1360 nerius
243 1330 279 1360 in
310 1329 432 1361 Revue
462 1328 505 1360 de
536 1328 724 1370 Philologie
755 1338 810 1360 an.
846 1329 929 1360 1893
960 1338 1018 1369 pp.
1052 1328 1115 1359 213
1147 1337 1197 1368 sq.
1245 1325 1461 1358 Archimedis
1490 1324 1637 1367 sphaera

98 1380 289 1411 multorum
322 1381 459 1421 scriptis
492 1379 666 1411 celebrata
698 1382 763 1417 est,
797 1379 894 1411 uelut
927 1379 994 1411 Cic.
1025 1378 1125 1410 Tusc.
1156 1387 1170 1409 1
1207 1378 1248 1410 63
1285 1377 1499 1409 Archimedes
1524 1376 1635 1413 lunae,

97 1431 190 1469 solis,
221 1432 366 1472 quinque
397 1432 581 1463 errantium
610 1434 718 1462 motus
748 1431 786 1462 in
816 1430 993 1470 sphaeram
1018 1429 1177 1470 inliyauit
1266 1429 1329 1459 268
1359 1437 1487 1460 nouum
1517 1427 1636 1465 orbem,

98 1485 139 1514 ut
170 1484 206 1514 in
238 1484 377 1514 imitato
409 1485 446 1514 et
477 1482 591 1514 efficto
612 1483 696 1522 fueri
733 1482 818 1513 caeli
854 1481 1049 1519 simulacro,
1085 1481 1183 1512 cuius
1218 1479 1371 1520 sinqulae
1406 1479 1638 1511 conuersiones

98 1534 186 1565 idem
211 1534 354 1575 efficiunt
377 1534 416 1565 in
439 1533 506 1565 sole
529 1537 558 1565 ει
582 1534 620 1565 in
643 1533 727 1564 luna
751 1536 780 1564 eb
803 1533 841 1564 in
865 1533 1010 1573 quinque
1043 1531 1146 1563 stellis
1171 1530 1368 1568 errantibus,
1391 1530 1477 1571 quod
1501 1530 1639 1572 efficitur

97 1585 136 1616 in
158 1585 246 1616 caelo
268 1584 413 1625 sinyulis
434 1584 549 1616 diebus
572 1587 600 1615 et
621 1584 781 1621 noctibus,
805 1583 873 1615 Cic.
898 1583 968 1615 n.d.
994 1592 1022 1614 11
1044 1583 1086 1614 88
1176 1582 1240 1613 269
1262 1581 1412 1623 Scaliger
1434 1581 1549 1613 uersui
1571 1581 1636 1612 266

97 1636 255 1674 subiecit,
282 1635 412 1668 deleuit
438 1636 626 1673 Bentleius,
652 1636 725 1677 ipse
751 1635 952 1676 interpunxi
978 1637 1014 1666 et
1039 1637 1121 1665 ante
1146 1643 1226 1665 eum
1262 1633 1364 1665 unius
1390 1632 1550 1664 uersiculi
1574 1631 1632 1663 de-

96 1688 230 1720 sectum
262 1687 464 1730 significaui.
512 1688 652 1725 etenim,
686 1697 766 1719 cum
799 1697 911 1727 neque
943 1696 1049 1727 aquas
1081 1695 1218 1725 operum
1250 1694 1362 1726 neque
1394 1694 1532 1725 operum
1564 1684 1637 1715 siue

92 1739 201 1780 sontis
223 1740 296 1771 siue
316 1740 432 1779 pontis
453 1742 545 1771 recte
568 1739 835 1780 coniungantur,
860 1741 1006 1780 apparet
1028 1737 1184 1768 ordinem
1207 1746 1279 1768 esse
1301 1745 1450 1776 operum,
1473 1745 1557 1776 quae
1577 1745 1639 1775 per

96 1799 202 1831 aquas
221 1790 364 1822 ueniunt
376 1789 546 1832 fontisque
566 1793 744 1830 sequoretur
762 1789 916 1830 (qualem
934 1788 1103 1820 habemus
1122 1788 1230 1819 etiam
1249 1797 1307 1819 uu.
1329 1787 1372 1819 98
1392 1796 1442 1828 sq.
1465 1789 1511 1818 est
1529 1785 1638 1823 aliud,

99 1841 185 1882 quod
213 1850 274 1873 nos
301 1844 454 1882 coqatque
482 1844 643 1881 reumque,
665 1839 669 1884 l
689 1841 812 1878 maius,
843 1843 872 1871 et
899 1841 937 1872 in
963 1840 1122 1880 proprias
1150 1839 1249 1871 ducat
1276 1838 1432 1870 mortalia
1460 1838 1567 1878 leyes),
1598 1842 1639 1869 ut

97 1891 346 1924 inuenientium
368 1893 414 1924 sit
435 1892 527 1924 unde
549 1892 714 1934 suspendi
735 1892 845 1933 possit
866 1892 1059 1933 genetiuus‚
1082 1889 1177 1932 quod
1198 1900 1262 1921 nec
1284 1893 1364 1931 post
1386 1890 1451 1921 266
1472 1899 1535 1920 nec
1558 1892 1639 1931 post

98 1944 164 1976 260
196 1944 365 1975 collocato
399 1954 501 1975 uersu
534 1945 606 1975 siue
640 1944 806 1975 orationis
839 1943 1077 1974 sententiaeue
1110 1941 1320 1973 detrimento
1354 1940 1423 1972 fiet.
1471 1940 1639 1972 excidisse

97 1997 216 2037 potest
237 1994 307 2026 tale
329 1994 484 2035 aliquid:
518 2005 630 2036 neque
652 2004 820 2035 umquam
841 2004 921 2026 eum
943 1994 1050 2025 satias
1071 1994 1187 2034 capiet
1206 2001 1354 2033 operum,
1377 2001 1460 2032 quae
1480 1995 1546 2023 etc.

143 2049 252 2078 fontis
268 2045 343 2077 cod.
360 2046 513 2078 Venetus
526 2047 617 2077 sicut
633 2046 828 2077 coniecerat
838 2044 1027 2077 Salmasius
1041 2044 1128 2076 Plin.
1144 2054 1254 2075 exerc.
1271 2054 1303 2086 p.
1319 2044 1383 2074 519
1397 2043 1450 2074 ed.
1467 2052 1521 2074 an.
1541 2042 1637 2077 1689,

98 2099 217 2135 pontis
230 2100 300 2133 LM,
317 2101 441 2134 pontes
458 2100 495 2134 G,
512 2096 607 2137 quod
622 2106 691 2137 quo
707 2097 780 2127 iure
797 2095 948 2137 Scaliger
964 2105 1064 2127 arcus
1087 2094 1372 2136 aquaeductuum
1388 2094 1640 2134 interpretetur

97 2149 223 2180 nescio.
271 2147 364 2179 idem
393 2148 430 2179 in
458 2147 555 2179 libris
591 2158 685 2179 error
714 2157 747 2179 u.
780 2147 845 2179 618
935 2150 1133 2184 sequuntur
1167 2145 1242 2177 cod.
1274 2155 1368 2186 corp.
1400 2144 1478 2177 Chr.
1512 2144 1638 2181 Oxou„

98 2203 290 2238 sequentur
318 2203 401 2231 GLM
490 2199 555 2230 270
582 2202 667 2231 mite
696 2198 770 2236 (³1³,
793 2201 896 2230 mitte
923 2201 982 2230 ΕΜ
1071 2207 1093 2229 a
1121 2200 1234 2229 sidere
1262 2196 1423 2237 Scaliger,
1451 2199 1496 2227 ad
1523 2198 1640 2227 sidera

98 2250 177 2282 libri
194 2253 234 2282 ut
250 2259 294 2282 111
310 2251 386 2287 288,
404 2250 480 2288 478,
498 2251 574 2287 649,
591 2249 686 2291 quod
697 2250 790 2281 huno
807 2250 843 2281 in
859 2249 1003 2280 modum
1020 2249 1130 2290 accipi
1146 2258 1246 2290 posse
1261 2250 1340 2279 rato
1357 2247 1488 2284 Ellisio,
1508 2246 1515 2259 ‘
1530 2256 1639 2288 aqua-

97 2312 176 2334 rum
191 2302 313 2339 instar,
329 2312 419 2343 quae
434 2300 587 2333 siderum
597 2302 633 2333 in
644 2302 831 2342 imaginem
845 2311 889 2332 ex
906 2310 993 2332 urna
1007 2299 1211 2342 profluunt’,
1227 2299 1386 2331 obsecuti
1399 2300 1484 2330 sunt
1498 2301 1640 2330 nostrae

98 2354 226 2384 aetatis
244 2352 407 2390 editores,
427 2354 512 2385 mite
530 2362 638 2394 genus
651 2354 781 2394 quique
800 2352 919 2383 faciles
938 2353 975 2383 in
994 2351 1124 2382 damna
1142 2350 1310 2382 ferantur.
1358 2352 1514 2381 ceterum
1527 2349 1640 2381 sidera

99 2404 227 2446 plurali
252 2414 398 2435 numero
424 2414 487 2445 pro
513 2405 611 2445 signo
626 2403 831 2445 frequenter
856 2403 940 2445 poni
967 2403 1115 2434 Breiteri
1141 2401 1363 2433 mendacium
1389 2403 1467 2432 est:
1494 2401 1640 2441 ponitur

98 2465 162 2496 pro
202 2454 310 2486 stellis
339 2455 476 2496 signum
510 2455 750 2492 efficientibus,
791 2454 968 2485 interdum
1004 2454 1112 2485 etiam
1146 2463 1208 2494 pro
1243 2452 1374 2494 duplici
1413 2451 1639 2483 Geminorum

99 2507 296 2538 Pisciumue
310 2506 407 2547 signo
472 2507 589 2548 fluunt
599 2510 719 2546 partus
730 2514 767 2537 1v
778 2507 841 2538 377
913 2505 976 2537 272
987 2504 1378 2537 urnaGetiananus
1390 2502 1640 2540 recentissima,

99 2568 187 2590 orna
205 2561 263 2589 LM
353 2557 502 2589 273-291
524 2558 638 2589 Pisces
659 2560 751 2588 artes
771 2556 909 2588 dabunt
929 2557 1134 2593 maritimas,
1155 2565 1263 2587 naues
1284 2553 1426 2586 texendi
1447 2553 1503 2585 uel
1528 2563 1642 2585 arma-

99 2609 227 2641 mentis
257 2608 464 2646 instruendi,
494 2608 722 2650 gubernandi,
754 2607 958 2650 remigandi,
983 2607 1152 2649 piscandi,
1185 2606 1275 2638 bella
1304 2604 1445 2637 naualia
1475 2604 1640 2646 gerendi3

97 2661 231 2693 facient
256 2659 350 2691 idem
382 2659 561 2698 fecundos,
596 2660 793 2698 beneuolos,
827 2659 943 2701 agiles,
978 2658 1174 2691 mutabiles.
1224 2656 1313 2689 Ptol.
1343 2659 1423 2689 tetr.
1452 2666 1486 2697 p.
1514 2657 1557 2688 47
1598 2658 1639 2688 τὰ

101 2714 246 2753 κάθυγρα
263 2713 437 2752 (συνεργεῖ)
455 2714 538 2753 πρὸσ
553 2714 617 2744 τὰσ
633 2714 666 2743 ἐν
684 2713 793 2753 ὑγροΐσ
809 2713 829 2750 ἢ
846 2711 883 2742 δι’
899 2712 1002 2752 ὑγρῶν
1017 2712 1176 2752 (πράξεισ)
1194 2712 1246 2742 καὶ
1260 2710 1324 2740 τὰσ
1340 2732 1348 2739 .
1368 2732 1374 2738 .
1396 2731 1404 2739 .
1424 2709 1639 2746 ναυπηγικάσ,

101 2773 135 2805 Ρ.
153 2764 197 2796 40
218 2764 258 2795 τὰ
285 2764 319 2795 δὲ
345 2764 468 2801 δι’σωμα
491 2765 589 2802 (ποιεῖ
611 2765 674 2795 τὰσ
700 2765 826 2803 ψυχὰσ)
843 2765 1007 2801 ποικίλασ,
1034 2762 1283 2802 εὐμεταβόλουσ,
1311 2760 1555 2798 εὐμεταθέτουσ,
1575 2783 1580 2789 .
1603 2781 1611 2790 .
1632 2783 1638 2789 .

103 2815 338 2856 πολυτρόπουσ,
368 2813 531 2846 C.C.A.G.
550 2814 600 2846 Vi
625 2825 658 2856 p.
684 2815 745 2846 187
775 2814 859 2845 14—6
880 2816 920 2845 τὰ
947 2816 980 2846 δὲ
1007 2815 1129 2852 δίσωμα.
1155 2813 1306 2854 (ἁρμόζει)
1332 2812 1404 2842 τοῖσ
1429 2810 1599 2850 χρῄζουσιν
1623 2812 1643 2848 ἢ

104 2867 273 2908 πρόσωπον
299 2868 370 2898 ἀντὶ
394 2868 566 2907 προσώπου
592 2869 612 2906 ἢ
636 2869 735 2899 τόπον
764 2867 834 2897 ἀντὶ
852 2868 949 2898 τόπου
970 2867 989 2905 ἦ
1010 2866 1124 2906 χρόνον
1150 2866 1220 2896 ἀντὶ
1243 2864 1357 2904 χρόνου
1379 2863 1398 2901 ἢ
1419 2863 1552 2903 πρᾶγμα
1572 2863 1644 2893 ἀντὶ
