<?xml version="1.0" encoding="UTF-8"?>
<!DOCTYPE html PUBLIC "-//W3C//DTD XHTML 1.0 Transitional//EN"
    "http://www.w3.org/TR/xhtml1/DTD/xhtml1-transitional.dtd">
<html xmlns="http://www.w3.org/1999/xhtml" xml:lang="en" lang="en">
 <head>
  <title>
</title>
<meta http-equiv="Content-Type" content="text/html;charset=utf-8" />
  <meta name='ocr-system' content='tesseract 3.04.00' />
  <meta name='ocr-capabilities' content='ocr_page ocr_carea ocr_par ocr_line ocrx_word'/>
</head>
<body>
  <div class='ocr_page' id='page_1' title='image "astronomiconrece04maniuoft_0067.png"; bbox 0 0 1872 3183; ppageno 0'>
   <div class='ocr_carea' id='block_1_1' title="bbox 618 136 1676 181">
    <p class='ocr_par' dir='ltr' id='par_1_1' title="bbox 618 136 1676 181">
     <span class='ocr_line' id='line_1_1' title="bbox 618 136 1676 181; baseline -0.003 -2"><span class='ocrx_word' id='word_1_1' title='bbox 618 136 1102 181; x_wconf 85' lang='lat' dir='ltr'>ASTRONOMICON</span> <span class='ocrx_word' id='word_1_2' title='bbox 1134 137 1200 178; x_wconf 88' lang='lat' dir='ltr'>IV</span> <span class='ocrx_word' id='word_1_3' title='bbox 1623 138 1676 176; x_wconf 86' lang='lat'>41</span> 
     </span>
    </p>
   </div>
   <div class='ocr_carea' id='block_1_2' title="bbox 185 247 1499 1266">
    <p class='ocr_par' dir='ltr' id='par_1_2' title="bbox 309 247 1381 378">
     <span class='ocr_line' id='line_1_2' title="bbox 309 247 1381 303; baseline -0.003 -13"><span class='ocrx_word' id='word_1_4' title='bbox 309 249 465 291; x_wconf 77' lang='lat' dir='ltr'>Cancer</span> <span class='ocrx_word' id='word_1_5' title='bbox 484 248 528 289; x_wconf 89' lang='lat' dir='ltr'>in</span> <span class='ocrx_word' id='word_1_6' title='bbox 547 248 771 290; x_wconf 87' lang='lat' dir='ltr'>aduersum</span> <span class='ocrx_word' id='word_1_7' title='bbox 790 247 1030 303; x_wconf 82' lang='lat' dir='ltr'>Capricorni</span> <span class='ocrx_word' id='word_1_8' title='bbox 1049 247 1200 302; x_wconf 87' lang='lat' dir='ltr'>derigit</span> <span class='ocrx_word' id='word_1_9' title='bbox 1219 252 1381 288; x_wconf 91' lang='lat' dir='ltr'>astrum</span> 
     </span>
     <span class='ocr_line' id='line_1_3' title="bbox 310 320 1293 378; baseline -0.003 -14"><span class='ocrx_word' id='word_1_10' title='bbox 310 323 373 364; x_wconf 90' lang='lat' dir='ltr'>bis</span> <span class='ocrx_word' id='word_1_11' title='bbox 393 322 542 378; x_wconf 88' lang='lat' dir='ltr'>quinas</span> <span class='ocrx_word' id='word_1_12' title='bbox 561 322 745 377; x_wconf 86' lang='lat' dir='ltr'>primum</span> <span class='ocrx_word' id='word_1_13' title='bbox 764 327 919 377; x_wconf 88' lang='lat' dir='ltr'>partes,</span> <span class='ocrx_word' id='word_1_14' title='bbox 941 322 1142 377; x_wconf 80' lang='lat' dir='ltr'>dignatus</span> <span class='ocrx_word' id='word_1_15' title='bbox 1159 321 1203 362; x_wconf 89' lang='lat' dir='ltr'>in</span> <span class='ocrx_word' id='word_1_16' title='bbox 1221 320 1293 362; x_wconf 92' lang='lat' dir='ltr'>illo</span> 
     </span>
    </p>

    <p class='ocr_par' dir='ltr' id='par_1_3' title="bbox 185 395 1358 748">
     <span class='ocr_line' id='line_1_4' title="bbox 185 395 1301 452; baseline 0 -16"><span class='ocrx_word' id='word_1_17' title='bbox 185 404 254 436; x_wconf 88' lang='lat'>325</span> <span class='ocrx_word' id='word_1_18' title='bbox 308 396 509 452; x_wconf 87' lang='lat' dir='ltr'>temporis</span> <span class='ocrx_word' id='word_1_19' title='bbox 528 396 705 438; x_wconf 89' lang='lat' dir='ltr'>articulo</span> <span class='ocrx_word' id='word_1_20' title='bbox 724 396 804 438; x_wconf 91' lang='lat' dir='ltr'>sub</span> <span class='ocrx_word' id='word_1_21' title='bbox 823 410 907 451; x_wconf 91' lang='lat' dir='ltr'>quo</span> <span class='ocrx_word' id='word_1_22' title='bbox 926 401 1119 438; x_wconf 88' lang='lat' dir='ltr'>censetur</span> <span class='ocrx_word' id='word_1_23' title='bbox 1138 401 1181 437; x_wconf 87' lang='lat' dir='ltr'>et</span> <span class='ocrx_word' id='word_1_24' title='bbox 1200 395 1301 450; x_wconf 89' lang='lat' dir='ltr'>ipse,</span> 
     </span>
     <span class='ocr_line' id='line_1_5' title="bbox 311 469 1351 525; baseline -0.002 -13"><span class='ocrx_word' id='word_1_25' title='bbox 311 471 426 525; x_wconf 92' lang='lat' dir='ltr'>quod</span> <span class='ocrx_word' id='word_1_26' title='bbox 444 470 547 512; x_wconf 79' lang='lat' dir='ltr'>facit</span> <span class='ocrx_word' id='word_1_27' title='bbox 566 470 761 525; x_wconf 81' lang='lat' dir='ltr'>aequales</span> <span class='ocrx_word' id='word_1_28' title='bbox 780 470 892 512; x_wconf 92' lang='lat' dir='ltr'>luces</span> <span class='ocrx_word' id='word_1_29' title='bbox 912 469 1172 511; x_wconf 80' lang='lat' dir='ltr'>brumalibus</span> <span class='ocrx_word' id='word_1_30' title='bbox 1192 469 1351 510; x_wconf 87' lang='lat' dir='ltr'>umbris</span> 
     </span>
     <span class='ocr_line' id='line_1_6' title="bbox 309 543 1358 600; baseline -0.003 -13"><span class='ocrx_word' id='word_1_31' title='bbox 309 549 618 600; x_wconf 69' lang='lat' dir='ltr'>cognatamque</span> <span class='ocrx_word' id='word_1_32' title='bbox 637 545 744 599; x_wconf 84' lang='lat' dir='ltr'>gerit</span> <span class='ocrx_word' id='word_1_33' title='bbox 763 544 928 585; x_wconf 87' lang='lat' dir='ltr'>diuerso</span> <span class='ocrx_word' id='word_1_34' title='bbox 947 544 990 585; x_wconf 91' lang='lat' dir='ltr'>in</span> <span class='ocrx_word' id='word_1_35' title='bbox 1009 543 1177 585; x_wconf 88' lang='lat' dir='ltr'>cardine</span> <span class='ocrx_word' id='word_1_36' title='bbox 1197 543 1330 598; x_wconf 90' lang='lat' dir='ltr'>legem</span> <span class='ocrx_word' id='word_1_37' title='bbox 1349 557 1358 592; x_wconf 91' lang='lat'>;</span> 
     </span>
     <span class='ocr_line' id='line_1_7' title="bbox 310 618 1246 673; baseline -0.002 -13"><span class='ocrx_word' id='word_1_38' title='bbox 310 618 482 660; x_wconf 89' lang='lat' dir='ltr'>alterius</span> <span class='ocrx_word' id='word_1_39' title='bbox 500 618 633 673; x_wconf 87' lang='lat' dir='ltr'>partis</span> <span class='ocrx_word' id='word_1_40' title='bbox 652 618 870 673; x_wconf 78' lang='lat' dir='ltr'>perfundit</span> <span class='ocrx_word' id='word_1_41' title='bbox 888 618 1099 673; x_wconf 81' lang='lat' dir='ltr'>Aquarius</span> <span class='ocrx_word' id='word_1_42' title='bbox 1118 618 1246 672; x_wconf 90' lang='lat' dir='ltr'>ignes,</span> 
     </span>
     <span class='ocr_line' id='line_1_8' title="bbox 310 691 1338 748; baseline -0.002 -14"><span class='ocrx_word' id='word_1_43' title='bbox 310 707 436 748; x_wconf 90' lang='lat' dir='ltr'>quem</span> <span class='ocrx_word' id='word_1_44' title='bbox 456 692 640 734; x_wconf 85' lang='lat' dir='ltr'>subeunt</span> <span class='ocrx_word' id='word_1_45' title='bbox 659 692 797 734; x_wconf 80' lang='lat' dir='ltr'>Pisces</span> <span class='ocrx_word' id='word_1_46' title='bbox 817 697 1006 733; x_wconf 83' lang='lat' dir='ltr'>extremo</span> <span class='ocrx_word' id='word_1_47' title='bbox 1026 691 1158 732; x_wconf 83' lang='lat' dir='ltr'>sidere</span> <span class='ocrx_word' id='word_1_48' title='bbox 1177 691 1338 733; x_wconf 89' lang='lat' dir='ltr'>Cancri.</span> 
     </span>
    </p>

    <p class='ocr_par' dir='ltr' id='par_1_4' title="bbox 185 765 1499 1118">
     <span class='ocr_line' id='line_1_9' title="bbox 185 765 1274 820; baseline 0 -14"><span class='ocrx_word' id='word_1_49' title='bbox 185 773 253 806; x_wconf 90' lang='grc'>330</span> <span class='ocrx_word' id='word_1_50' title='bbox 309 772 356 808; x_wconf 87' lang='lat' dir='ltr'>at</span> <span class='ocrx_word' id='word_1_51' title='bbox 376 767 459 808; x_wconf 92' lang='lat' dir='ltr'>Leo</span> <span class='ocrx_word' id='word_1_52' title='bbox 478 766 683 808; x_wconf 90' lang='lat' dir='ltr'>consortis</span> <span class='ocrx_word' id='word_1_53' title='bbox 704 766 896 807; x_wconf 83' lang='lat' dir='ltr'>meminit</span> <span class='ocrx_word' id='word_1_54' title='bbox 914 766 993 807; x_wconf 89' lang='lat' dir='ltr'>sub</span> <span class='ocrx_word' id='word_1_55' title='bbox 1013 765 1101 820; x_wconf 89' lang='lat' dir='ltr'>lege</span> <span class='ocrx_word' id='word_1_56' title='bbox 1120 765 1274 820; x_wconf 88' lang='lat' dir='ltr'>trigoni</span> 
     </span>
     <span class='ocr_line' id='line_1_10' title="bbox 309 838 1499 895; baseline -0.001 -14"><span class='ocrx_word' id='word_1_57' title='bbox 309 840 644 895; x_wconf 83' lang='lat' dir='ltr'>Lanigerumque</span> <span class='ocrx_word' id='word_1_58' title='bbox 664 840 814 882; x_wconf 90' lang='lat' dir='ltr'>ducem</span> <span class='ocrx_word' id='word_1_59' title='bbox 833 839 981 895; x_wconf 85' lang='lat' dir='ltr'>recipit</span> <span class='ocrx_word' id='word_1_60' title='bbox 1001 839 1270 894; x_wconf 86' lang='lat' dir='ltr'>Taurumque</span> <span class='ocrx_word' id='word_1_61' title='bbox 1290 838 1499 894; x_wconf 85' lang='lat' dir='ltr'>quadrato</span> 
     </span>
     <span class='ocr_line' id='line_1_11' title="bbox 308 913 1472 969; baseline -0.002 -13"><span class='ocrx_word' id='word_1_62' title='bbox 308 916 583 956; x_wconf 89' lang='lat' dir='ltr'>coniunctum</span> <span class='ocrx_word' id='word_1_63' title='bbox 602 914 681 955; x_wconf 88' lang='lat' dir='ltr'>sibi</span> <span class='ocrx_word' id='word_1_64' title='bbox 700 929 709 964; x_wconf 91' lang='grc'>;</span> <span class='ocrx_word' id='word_1_65' title='bbox 745 914 824 955; x_wconf 92' lang='lat' dir='ltr'>sub</span> <span class='ocrx_word' id='word_1_66' title='bbox 844 914 1029 956; x_wconf 82' lang='lat' dir='ltr'>Geminis</span> <span class='ocrx_word' id='word_1_67' title='bbox 1048 927 1146 969; x_wconf 84' lang='lat' dir='ltr'>pars</span> <span class='ocrx_word' id='word_1_68' title='bbox 1165 914 1292 955; x_wconf 89' lang='lat' dir='ltr'>tertia</span> <span class='ocrx_word' id='word_1_69' title='bbox 1312 913 1444 954; x_wconf 85' lang='lat' dir='ltr'>fertur</span> <span class='ocrx_word' id='word_1_70' title='bbox 1465 928 1472 954; x_wconf 90' lang='lat'>:</span> 
     </span>
     <span class='ocr_line' id='line_1_12' title="bbox 309 987 1326 1044; baseline -0.002 -14"><span class='ocrx_word' id='word_1_71' title='bbox 309 988 385 1030; x_wconf 89' lang='lat' dir='ltr'>hos</span> <span class='ocrx_word' id='word_1_72' title='bbox 405 1003 573 1044; x_wconf 90' lang='lat' dir='ltr'>quoque</span> <span class='ocrx_word' id='word_1_73' title='bbox 593 988 801 1043; x_wconf 87' lang='lat' dir='ltr'>contingit</span> <span class='ocrx_word' id='word_1_74' title='bbox 820 1003 892 1043; x_wconf 88' lang='lat' dir='ltr'>per</span> <span class='ocrx_word' id='word_1_75' title='bbox 912 1002 1032 1029; x_wconf 89' lang='lat' dir='ltr'>senos</span> <span class='ocrx_word' id='word_1_76' title='bbox 1052 988 1161 1029; x_wconf 89' lang='lat' dir='ltr'>linea</span> <span class='ocrx_word' id='word_1_77' title='bbox 1181 987 1326 1029; x_wconf 82' lang='lat' dir='ltr'>flexus.</span> 
     </span>
     <span class='ocr_line' id='line_1_13' title="bbox 308 1061 1395 1118; baseline -0.002 -14"><span class='ocrx_word' id='word_1_78' title='bbox 308 1063 583 1118; x_wconf 88' lang='lat' dir='ltr'>praecipuum</span> <span class='ocrx_word' id='word_1_79' title='bbox 603 1063 784 1117; x_wconf 85' lang='lat' dir='ltr'>Erigone</span> <span class='ocrx_word' id='word_1_80' title='bbox 802 1063 962 1104; x_wconf 81' lang='lat' dir='ltr'>Cancro</span> <span class='ocrx_word' id='word_1_81' title='bbox 981 1062 1175 1104; x_wconf 87' lang='lat' dir='ltr'>concedit</span> <span class='ocrx_word' id='word_1_82' title='bbox 1194 1061 1395 1103; x_wconf 86' lang='lat' dir='ltr'>honorem</span> 
     </span>
    </p>

    <p class='ocr_par' dir='ltr' id='par_1_5' title="bbox 185 1136 1383 1266">
     <span class='ocr_line' id='line_1_14' title="bbox 185 1136 1383 1192; baseline 0.001 -16"><span class='ocrx_word' id='word_1_83' title='bbox 185 1143 254 1176; x_wconf 85' lang='lat'>335</span> <span class='ocrx_word' id='word_1_84' title='bbox 309 1137 377 1179; x_wconf 91' lang='lat' dir='ltr'>cui</span> <span class='ocrx_word' id='word_1_85' title='bbox 396 1137 577 1192; x_wconf 87' lang='lat' dir='ltr'>primam</span> <span class='ocrx_word' id='word_1_86' title='bbox 597 1136 748 1178; x_wconf 89' lang='lat' dir='ltr'>tribuit</span> <span class='ocrx_word' id='word_1_87' title='bbox 767 1141 933 1192; x_wconf 87' lang='lat' dir='ltr'>partem</span> <span class='ocrx_word' id='word_1_88' title='bbox 952 1151 961 1186; x_wconf 90' lang='lat'>;</span> <span class='ocrx_word' id='word_1_89' title='bbox 997 1136 1135 1177; x_wconf 87' lang='lat' dir='ltr'>uicina</span> <span class='ocrx_word' id='word_1_90' title='bbox 1155 1136 1299 1177; x_wconf 87' lang='lat' dir='ltr'>relicta</span> <span class='ocrx_word' id='word_1_91' title='bbox 1319 1141 1383 1177; x_wconf 82' lang='lat' dir='ltr'>est</span> 
     </span>
     <span class='ocr_line' id='line_1_15' title="bbox 309 1211 1302 1266; baseline -0.001 -14"><span class='ocrx_word' id='word_1_92' title='bbox 309 1211 461 1261; x_wconf 82' lang='lat' dir='ltr'>uicino,</span> <span class='ocrx_word' id='word_1_93' title='bbox 483 1211 704 1261; x_wconf 88' lang='lat' dir='ltr'>Nemeaee,</span> <span class='ocrx_word' id='word_1_94' title='bbox 725 1211 804 1252; x_wconf 90' lang='lat' dir='ltr'>tibi</span> <span class='ocrx_word' id='word_1_95' title='bbox 824 1225 832 1260; x_wconf 92' lang='grc'>;</span> <span class='ocrx_word' id='word_1_96' title='bbox 868 1225 965 1266; x_wconf 86' lang='lat' dir='ltr'>pars</span> <span class='ocrx_word' id='word_1_97' title='bbox 984 1211 1115 1266; x_wconf 86' lang='lat' dir='ltr'>ipsius</span> <span class='ocrx_word' id='word_1_98' title='bbox 1134 1224 1218 1252; x_wconf 90' lang='lat' dir='ltr'>una</span> <span class='ocrx_word' id='word_1_99' title='bbox 1239 1215 1302 1251; x_wconf 87' lang='lat' dir='ltr'>est</span> 
     </span>
    </p>
   </div>
   <div class='ocr_carea' id='block_1_3' title="bbox 142 1355 1684 1961">
    <p class='ocr_par' dir='ltr' id='par_1_6' title="bbox 142 1355 1684 1961">
     <span class='ocr_line' id='line_1_16' title="bbox 145 1355 1682 1398; baseline -0.002 -10"><span class='ocrx_word' id='word_1_100' title='bbox 145 1357 262 1388; x_wconf 76' lang='lat' dir='ltr'>ordine</span> <span class='ocrx_word' id='word_1_101' title='bbox 281 1367 343 1398; x_wconf 89' lang='lat' dir='ltr'>pro</span> <span class='ocrx_word' id='word_1_102' title='bbox 366 1357 488 1395; x_wconf 79' lang='lat' dir='ltr'>ordini,</span> <span class='ocrx_word' id='word_1_103' title='bbox 510 1356 641 1388; x_wconf 88' lang='lat' dir='ltr'>Huetio</span> <span class='ocrx_word' id='word_1_104' title='bbox 666 1356 750 1388; x_wconf 85' lang='lat' dir='ltr'>cedit</span> <span class='ocrx_word' id='word_1_105' title='bbox 775 1367 838 1398; x_wconf 93' lang='lat' dir='ltr'>pro</span> <span class='ocrx_word' id='word_1_106' title='bbox 863 1366 921 1388; x_wconf 78' lang='lat' dir='ltr'>nec</span> <span class='ocrx_word' id='word_1_107' title='bbox 946 1356 1029 1389; x_wconf 80' lang='lat' dir='ltr'>cedit</span> <span class='ocrx_word' id='word_1_108' title='bbox 1055 1355 1254 1387; x_wconf 83' lang='lat' dir='ltr'>habendum</span> <span class='ocrx_word' id='word_1_109' title='bbox 1276 1358 1375 1386; x_wconf 84' lang='lat' dir='ltr'>esset.</span> <span class='ocrx_word' id='word_1_110' title='bbox 1425 1355 1587 1387; x_wconf 78' lang='lat' dir='ltr'>Centauri</span> <span class='ocrx_word' id='word_1_111' title='bbox 1609 1364 1682 1386; x_wconf 76' lang='lat' dir='ltr'>sors</span> 
     </span>
     <span class='ocr_line' id='line_1_17' title="bbox 147 1406 1684 1450; baseline -0.002 -10"><span class='ocrx_word' id='word_1_112' title='bbox 147 1417 167 1439; x_wconf 82' lang='lat' dir='ltr'>a</span> <span class='ocrx_word' id='word_1_113' title='bbox 191 1408 327 1440; x_wconf 82' lang='lat' dir='ltr'>duabus</span> <span class='ocrx_word' id='word_1_114' title='bbox 351 1408 490 1450; x_wconf 86' lang='lat' dir='ltr'>reliquis</span> <span class='ocrx_word' id='word_1_115' title='bbox 513 1418 656 1440; x_wconf 89' lang='lat' dir='ltr'>numero</span> <span class='ocrx_word' id='word_1_116' title='bbox 680 1409 834 1450; x_wconf 86' lang='lat' dir='ltr'>partium</span> <span class='ocrx_word' id='word_1_117' title='bbox 857 1407 943 1440; x_wconf 90' lang='lat' dir='ltr'>nihil</span> <span class='ocrx_word' id='word_1_118' title='bbox 966 1407 1182 1445; x_wconf 76' lang='lat' dir='ltr'>discernitur,</span> <span class='ocrx_word' id='word_1_119' title='bbox 1207 1410 1348 1439; x_wconf 88' lang='lat' dir='ltr'>tantum</span> <span class='ocrx_word' id='word_1_120' title='bbox 1372 1406 1490 1438; x_wconf 90' lang='lat' dir='ltr'>ordine</span> <span class='ocrx_word' id='word_1_121' title='bbox 1514 1406 1684 1448; x_wconf 81' lang='lat' dir='ltr'>posterior</span> 
     </span>
     <span class='ocr_line' id='line_1_18' title="bbox 145 1457 1683 1499; baseline -0.001 -9"><span class='ocrx_word' id='word_1_122' title='bbox 145 1462 199 1491; x_wconf 86' lang='lat' dir='ltr'>est</span> <span class='ocrx_word' id='word_1_123' title='bbox 289 1463 502 1492; x_wconf 80' lang='lat' dir='ltr'>discernitur</span> <span class='ocrx_word' id='word_1_124' title='bbox 522 1464 590 1498; x_wconf 90' lang='lat' dir='ltr'>LM,</span> <span class='ocrx_word' id='word_1_125' title='bbox 613 1463 814 1492; x_wconf 81' lang='lat' dir='ltr'>decernitur</span> <span class='ocrx_word' id='word_1_126' title='bbox 839 1463 864 1491; x_wconf 87' lang='lat' dir='ltr'><strong>G</strong></span> <span class='ocrx_word' id='word_1_127' title='bbox 953 1459 1103 1490; x_wconf 79' lang='lat'><strong>323—327</strong></span> <span class='ocrx_word' id='word_1_128' title='bbox 1129 1459 1259 1490; x_wconf 85' lang='lat' dir='ltr'>Cancer</span> <span class='ocrx_word' id='word_1_129' title='bbox 1280 1458 1398 1489; x_wconf 89' lang='lat' dir='ltr'>decem</span> <span class='ocrx_word' id='word_1_130' title='bbox 1424 1460 1540 1499; x_wconf 87' lang='lat' dir='ltr'>partes</span> <span class='ocrx_word' id='word_1_131' title='bbox 1565 1458 1601 1488; x_wconf 91' lang='lat' dir='ltr'>in</span> <span class='ocrx_word' id='word_1_132' title='bbox 1624 1457 1683 1488; x_wconf 88' lang='lat' dir='ltr'>ad-</span> 
     </span>
     <span class='ocr_line' id='line_1_19' title="bbox 146 1509 1683 1553; baseline -0.001 -11"><span class='ocrx_word' id='word_1_133' title='bbox 146 1521 284 1542; x_wconf 88' lang='lat' dir='ltr'>uersum</span> <span class='ocrx_word' id='word_1_134' title='bbox 310 1511 508 1553; x_wconf 86' lang='lat' dir='ltr'>Capricorni</span> <span class='ocrx_word' id='word_1_135' title='bbox 534 1514 668 1542; x_wconf 86' lang='lat' dir='ltr'>astrum</span> <span class='ocrx_word' id='word_1_136' title='bbox 693 1511 816 1542; x_wconf 90' lang='lat' dir='ltr'>ceteris</span> <span class='ocrx_word' id='word_1_137' title='bbox 841 1510 1036 1552; x_wconf 81' lang='lat' dir='ltr'>praelatum</span> <span class='ocrx_word' id='word_1_138' title='bbox 1062 1510 1198 1551; x_wconf 85' lang='lat' dir='ltr'>derigit,</span> <span class='ocrx_word' id='word_1_139' title='bbox 1225 1512 1349 1550; x_wconf 78' lang='lat' dir='ltr'>utpote</span> <span class='ocrx_word' id='word_1_140' title='bbox 1374 1509 1409 1540; x_wconf 87' lang='lat' dir='ltr'>in</span> <span class='ocrx_word' id='word_1_141' title='bbox 1435 1509 1492 1541; x_wconf 91' lang='lat' dir='ltr'>illo</span> <span class='ocrx_word' id='word_1_142' title='bbox 1518 1512 1612 1540; x_wconf 85' lang='lat' dir='ltr'>astro</span> <span class='ocrx_word' id='word_1_143' title='bbox 1638 1509 1683 1540; x_wconf 94' lang='lat' dir='ltr'>ob</span> 
     </span>
     <span class='ocr_line' id='line_1_20' title="bbox 145 1561 1683 1603; baseline -0.001 -10"><span class='ocrx_word' id='word_1_144' title='bbox 145 1562 292 1593; x_wconf 85' lang='lat' dir='ltr'>similem</span> <span class='ocrx_word' id='word_1_145' title='bbox 319 1563 514 1603; x_wconf 86' lang='lat' dir='ltr'>potentiam</span> <span class='ocrx_word' id='word_1_146' title='bbox 542 1562 706 1603; x_wconf 86' lang='lat' dir='ltr'>dignatus</span> <span class='ocrx_word' id='word_1_147' title='bbox 734 1572 774 1593; x_wconf 92' lang='lat' dir='ltr'>eo</span> <span class='ocrx_word' id='word_1_148' title='bbox 802 1562 970 1603; x_wconf 87' lang='lat' dir='ltr'>temporis</span> <span class='ocrx_word' id='word_1_149' title='bbox 998 1561 1143 1593; x_wconf 84' lang='lat' dir='ltr'>articulo</span> <span class='ocrx_word' id='word_1_150' title='bbox 1171 1561 1236 1592; x_wconf 89' lang='lat' dir='ltr'>sub</span> <span class='ocrx_word' id='word_1_151' title='bbox 1265 1571 1334 1601; x_wconf 90' lang='lat' dir='ltr'>quo</span> <span class='ocrx_word' id='word_1_152' title='bbox 1361 1563 1521 1592; x_wconf 88' lang='lat' dir='ltr'>censetur</span> <span class='ocrx_word' id='word_1_153' title='bbox 1547 1563 1583 1592; x_wconf 88' lang='lat' dir='ltr'>et</span> <span class='ocrx_word' id='word_1_154' title='bbox 1610 1561 1683 1602; x_wconf 87' lang='lat' dir='ltr'>ipse</span> 
     </span>
     <span class='ocr_line' id='line_1_21' title="bbox 144 1611 1680 1655; baseline -0.001 -11"><span class='ocrx_word' id='word_1_155' title='bbox 144 1613 382 1654; x_wconf 87' lang='lat' dir='ltr'>Capricornus.</span> <span class='ocrx_word' id='word_1_156' title='bbox 431 1613 561 1645; x_wconf 87' lang='lat' dir='ltr'>scilicet</span> <span class='ocrx_word' id='word_1_157' title='bbox 592 1614 689 1655; x_wconf 86' lang='lat' dir='ltr'>signa</span> <span class='ocrx_word' id='word_1_158' title='bbox 721 1614 855 1654; x_wconf 80' lang='lat' dir='ltr'>tropica</span> <span class='ocrx_word' id='word_1_159' title='bbox 886 1612 1016 1645; x_wconf 86' lang='lat' dir='ltr'>Cancer</span> <span class='ocrx_word' id='word_1_160' title='bbox 1046 1616 1082 1644; x_wconf 91' lang='lat' dir='ltr'>et</span> <span class='ocrx_word' id='word_1_161' title='bbox 1114 1612 1353 1654; x_wconf 84' lang='lat' dir='ltr'>Capricornus,</span> <span class='ocrx_word' id='word_1_162' title='bbox 1385 1615 1426 1643; x_wconf 90' lang='lat' dir='ltr'>ut</span> <span class='ocrx_word' id='word_1_163' title='bbox 1457 1611 1591 1643; x_wconf 90' lang='lat' dir='ltr'>collatis</span> <span class='ocrx_word' id='word_1_164' title='bbox 1623 1621 1680 1643; x_wconf 88' lang='lat' dir='ltr'>uu.</span> 
     </span>
     <span class='ocr_line' id='line_1_22' title="bbox 144 1663 1683 1706; baseline -0.001 -11"><span class='ocrx_word' id='word_1_165' title='bbox 144 1665 254 1696; x_wconf 75' lang='lat' dir='ltr'>35o-2</span> <span class='ocrx_word' id='word_1_166' title='bbox 274 1667 431 1706; x_wconf 86' lang='lat' dir='ltr'>apparet,</span> <span class='ocrx_word' id='word_1_167' title='bbox 451 1665 570 1706; x_wconf 89' lang='lat' dir='ltr'>primis</span> <span class='ocrx_word' id='word_1_168' title='bbox 589 1664 686 1696; x_wconf 89' lang='lat' dir='ltr'>denis</span> <span class='ocrx_word' id='word_1_169' title='bbox 704 1665 757 1696; x_wconf 87' lang='lat' dir='ltr'>sui</span> <span class='ocrx_word' id='word_1_170' title='bbox 776 1664 934 1705; x_wconf 89' lang='lat' dir='ltr'>partibus</span> <span class='ocrx_word' id='word_1_171' title='bbox 954 1666 1077 1695; x_wconf 91' lang='lat' dir='ltr'>mutuo</span> <span class='ocrx_word' id='word_1_172' title='bbox 1096 1673 1131 1695; x_wconf 91' lang='lat' dir='ltr'>se</span> <span class='ocrx_word' id='word_1_173' title='bbox 1149 1663 1301 1704; x_wconf 87' lang='lat' dir='ltr'>hospitio</span> <span class='ocrx_word' id='word_1_174' title='bbox 1320 1663 1505 1704; x_wconf 87' lang='lat' dir='ltr'>accipiunt.</span> <span class='ocrx_word' id='word_1_175' title='bbox 1554 1672 1683 1694; x_wconf 82' lang='lat' dir='ltr'>errores</span> 
     </span>
     <span class='ocr_line' id='line_1_23' title="bbox 145 1714 1683 1757; baseline -0.002 -10"><span class='ocrx_word' id='word_1_176' title='bbox 145 1715 307 1757; x_wconf 85' lang='lat' dir='ltr'>Scaligeri</span> <span class='ocrx_word' id='word_1_177' title='bbox 329 1716 417 1757; x_wconf 80' lang='lat' dir='ltr'>Fayi</span> <span class='ocrx_word' id='word_1_178' title='bbox 438 1716 585 1747; x_wconf 84' lang='lat' dir='ltr'>Breiteri</span> <span class='ocrx_word' id='word_1_179' title='bbox 606 1715 760 1747; x_wconf 83' lang='lat' dir='ltr'>thesauri</span> <span class='ocrx_word' id='word_1_180' title='bbox 781 1715 861 1757; x_wconf 88' lang='lat' dir='ltr'>ling.</span> <span class='ocrx_word' id='word_1_181' title='bbox 887 1715 963 1746; x_wconf 88' lang='lat' dir='ltr'>Lat.</span> <span class='ocrx_word' id='word_1_182' title='bbox 988 1723 1016 1746; x_wconf 93' lang='lat'>11</span> <span class='ocrx_word' id='word_1_183' title='bbox 1037 1725 1070 1756; x_wconf 94' lang='lat' dir='ltr'>p.</span> <span class='ocrx_word' id='word_1_184' title='bbox 1095 1715 1160 1746; x_wconf 76' lang='lat'>694</span> <span class='ocrx_word' id='word_1_185' title='bbox 1184 1715 1223 1746; x_wconf 84' lang='lat'>12</span> <span class='ocrx_word' id='word_1_186' title='bbox 1245 1717 1281 1745; x_wconf 88' lang='lat' dir='ltr'>et</span> <span class='ocrx_word' id='word_1_187' title='bbox 1303 1723 1326 1745; x_wconf 93' lang='lat' dir='ltr'><strong>v</strong></span> <span class='ocrx_word' id='word_1_188' title='bbox 1348 1724 1404 1755; x_wconf 90' lang='lat' dir='ltr'>pp.</span> <span class='ocrx_word' id='word_1_189' title='bbox 1432 1715 1513 1745; x_wconf 83' lang='lat'>1141</span> <span class='ocrx_word' id='word_1_190' title='bbox 1539 1714 1625 1745; x_wconf 66' lang='lat'><strong>66—5)</strong></span> <span class='ocrx_word' id='word_1_191' title='bbox 1647 1717 1683 1744; x_wconf 82' lang='lat' dir='ltr'>et</span> 
     </span>
     <span class='ocr_line' id='line_1_24' title="bbox 145 1764 1684 1808; baseline -0.001 -10"><span class='ocrx_word' id='word_1_192' title='bbox 145 1767 231 1798; x_wconf 84' lang='lat'>1246</span> <span class='ocrx_word' id='word_1_193' title='bbox 256 1767 362 1798; x_wconf 85' lang='lat'>39-41</span> <span class='ocrx_word' id='word_1_194' title='bbox 392 1766 505 1798; x_wconf 88' lang='lat' dir='ltr'>minus</span> <span class='ocrx_word' id='word_1_195' title='bbox 529 1766 741 1808; x_wconf 86' lang='lat' dir='ltr'>reprehendo</span> <span class='ocrx_word' id='word_1_196' title='bbox 765 1776 871 1807; x_wconf 87' lang='lat' dir='ltr'>quam</span> <span class='ocrx_word' id='word_1_197' title='bbox 889 1769 1082 1797; x_wconf 89' lang='lat' dir='ltr'>ceterorum</span> <span class='ocrx_word' id='word_1_198' title='bbox 1100 1766 1155 1797; x_wconf 88' lang='lat' dir='ltr'>uel</span> <span class='ocrx_word' id='word_1_199' title='bbox 1172 1765 1425 1806; x_wconf 85' lang='lat' dir='ltr'>indiligentiam</span> <span class='ocrx_word' id='word_1_200' title='bbox 1448 1765 1503 1796; x_wconf 92' lang='lat' dir='ltr'>uel</span> <span class='ocrx_word' id='word_1_201' title='bbox 1525 1764 1684 1796; x_wconf 88' lang='lat' dir='ltr'>dissimu-</span> 
     </span>
     <span class='ocr_line' id='line_1_25' title="bbox 142 1816 1684 1859; baseline -0.001 -10"><span class='ocrx_word' id='word_1_202' title='bbox 142 1818 309 1849; x_wconf 85' lang='lat' dir='ltr'>lationem</span> <span class='ocrx_word' id='word_1_203' title='bbox 391 1818 453 1849; x_wconf 90' lang='grc'>323</span> <span class='ocrx_word' id='word_1_204' title='bbox 465 1817 593 1858; x_wconf 73' lang='lat' dir='ltr'>deriyit,</span> <span class='ocrx_word' id='word_1_205' title='bbox 607 1818 751 1859; x_wconf 82' lang='lat' dir='ltr'>porrigit</span> <span class='ocrx_word' id='word_1_206' title='bbox 764 1817 998 1858; x_wconf 83' lang='lat' dir='ltr'>destinatque,</span> <span class='ocrx_word' id='word_1_207' title='bbox 1012 1818 1109 1849; x_wconf 86' lang='lat' dir='ltr'>cuius</span> <span class='ocrx_word' id='word_1_208' title='bbox 1124 1816 1384 1859; x_wconf 86' lang='lat' dir='ltr'>significationis</span> <span class='ocrx_word' id='word_1_209' title='bbox 1397 1816 1492 1848; x_wconf 90' lang='lat' dir='ltr'>nulla</span> <span class='ocrx_word' id='word_1_210' title='bbox 1504 1820 1684 1858; x_wconf 82' lang='lat' dir='ltr'>praeterea</span> 
     </span>
     <span class='ocr_line' id='line_1_26' title="bbox 143 1868 1683 1911; baseline -0.001 -11"><span class='ocrx_word' id='word_1_211' title='bbox 143 1869 303 1911; x_wconf 82' lang='lat' dir='ltr'>exempla</span> <span class='ocrx_word' id='word_1_212' title='bbox 324 1868 460 1901; x_wconf 84' lang='lat' dir='ltr'>saeculo</span> <span class='ocrx_word' id='word_1_213' title='bbox 481 1870 585 1901; x_wconf 87' lang='lat' dir='ltr'>tertio</span> <span class='ocrx_word' id='word_1_214' title='bbox 606 1870 804 1910; x_wconf 85' lang='lat' dir='ltr'>antiquiora</span> <span class='ocrx_word' id='word_1_215' title='bbox 824 1870 860 1900; x_wconf 89' lang='lat' dir='ltr'>in</span> <span class='ocrx_word' id='word_1_216' title='bbox 881 1868 967 1901; x_wconf 89' lang='lat' dir='ltr'>thes.</span> <span class='ocrx_word' id='word_1_217' title='bbox 990 1868 1071 1910; x_wconf 87' lang='lat' dir='ltr'>ling.</span> <span class='ocrx_word' id='word_1_218' title='bbox 1094 1868 1171 1900; x_wconf 85' lang='lat' dir='ltr'>Lat.</span> <span class='ocrx_word' id='word_1_219' title='bbox 1194 1868 1339 1900; x_wconf 88' lang='lat' dir='ltr'>collecta</span> <span class='ocrx_word' id='word_1_220' title='bbox 1359 1871 1454 1906; x_wconf 86' lang='lat' dir='ltr'>sunt,</span> <span class='ocrx_word' id='word_1_221' title='bbox 1475 1878 1545 1909; x_wconf 88' lang='lat' dir='ltr'>qua</span> <span class='ocrx_word' id='word_1_222' title='bbox 1566 1870 1683 1899; x_wconf 84' lang='lat' dir='ltr'>aetate</span> 
     </span>
     <span class='ocr_line' id='line_1_27' title="bbox 144 1918 1681 1961; baseline -0.001 -10"><span class='ocrx_word' id='word_1_223' title='bbox 144 1920 365 1952; x_wconf 86' lang='lat' dir='ltr'>Nouatianus</span> <span class='ocrx_word' id='word_1_224' title='bbox 396 1921 475 1951; x_wconf 86' lang='lat' dir='ltr'>trin.</span> <span class='ocrx_word' id='word_1_225' title='bbox 508 1920 550 1952; x_wconf 89' lang='grc'>29</span> <span class='ocrx_word' id='word_1_226' title='bbox 580 1920 668 1952; x_wconf 82' lang='lat' dir='ltr'>dona</span> <span class='ocrx_word' id='word_1_227' title='bbox 697 1930 780 1961; x_wconf 81' lang='lat' dir='ltr'>quae</span> <span class='ocrx_word' id='word_1_228' title='bbox 797 1944 804 1951; x_wconf 93' lang='lat'>.</span> <span class='ocrx_word' id='word_1_229' title='bbox 823 1943 831 1952; x_wconf 86' lang='lat'><strong>.</strong></span> <span class='ocrx_word' id='word_1_230' title='bbox 850 1944 858 1952; x_wconf 87' lang='lat'><strong>.</strong></span> <span class='ocrx_word' id='word_1_231' title='bbox 877 1920 1019 1960; x_wconf 70' lang='lat' dir='ltr'>spiritus</span> <span class='ocrx_word' id='word_1_232' title='bbox 1049 1919 1201 1951; x_wconf 74' lang='lat' dir='ltr'>ecclesiae</span> <span class='ocrx_word' id='word_1_233' title='bbox 1218 1944 1225 1951; x_wconf 90' lang='lat'>.</span> <span class='ocrx_word' id='word_1_234' title='bbox 1244 1943 1252 1951; x_wconf 91' lang='lat'><strong>.</strong></span> <span class='ocrx_word' id='word_1_235' title='bbox 1272 1943 1279 1951; x_wconf 95' lang='lat'><strong>.</strong></span> <span class='ocrx_word' id='word_1_236' title='bbox 1298 1918 1468 1951; x_wconf 76' lang='lat' dir='ltr'>distribuit</span> <span class='ocrx_word' id='word_1_237' title='bbox 1498 1923 1526 1950; x_wconf 84' lang='lat' dir='ltr'>et</span> <span class='ocrx_word' id='word_1_238' title='bbox 1555 1919 1681 1959; x_wconf 69' lang='lat' dir='ltr'>diriyit,</span> 
     </span>
    </p>
   </div>
   <div class='ocr_carea' id='block_1_4' title="bbox 144 1970 1682 2114">
    <p class='ocr_par' dir='ltr' id='par_1_7' title="bbox 144 1970 1682 2114">
     <span class='ocr_line' id='line_1_28' title="bbox 145 1970 1682 2012; baseline -0.002 -9"><span class='ocrx_word' id='word_1_239' title='bbox 145 1972 185 2003; x_wconf 90' lang='lat'>31</span> <span class='ocrx_word' id='word_1_240' title='bbox 213 1982 234 2002; x_wconf 80' lang='lat' dir='ltr'>a</span> <span class='ocrx_word' id='word_1_241' title='bbox 258 1981 321 2012; x_wconf 80' lang='lat' dir='ltr'>quo</span> <span class='ocrx_word' id='word_1_242' title='bbox 345 1971 400 2002; x_wconf 76' lang='lat' dir='ltr'>uis</span> <span class='ocrx_word' id='word_1_243' title='bbox 424 1971 618 2002; x_wconf 75' lang='lat' dir='ltr'>diuinitati-5</span> <span class='ocrx_word' id='word_1_244' title='bbox 635 1995 641 2002; x_wconf 96' lang='lat'>.</span> <span class='ocrx_word' id='word_1_245' title='bbox 661 1995 668 2002; x_wconf 96' lang='lat'>.</span> <span class='ocrx_word' id='word_1_246' title='bbox 688 1995 696 2003; x_wconf 87' lang='lat'><strong>.</strong></span> <span class='ocrx_word' id='word_1_247' title='bbox 715 1972 814 2003; x_wconf 79' lang='lat' dir='ltr'>etiam</span> <span class='ocrx_word' id='word_1_248' title='bbox 839 1971 877 2003; x_wconf 77' lang='lat' dir='ltr'>in</span> <span class='ocrx_word' id='word_1_249' title='bbox 895 1971 1012 2011; x_wconf 76' lang='lat' dir='ltr'>filium</span> <span class='ocrx_word' id='word_1_250' title='bbox 1035 1971 1157 2003; x_wconf 85' lang='lat' dir='ltr'>tradita</span> <span class='ocrx_word' id='word_1_251' title='bbox 1182 1974 1211 2002; x_wconf 80' lang='lat' dir='ltr'>et</span> <span class='ocrx_word' id='word_1_252' title='bbox 1234 1971 1357 2003; x_wconf 81' lang='lat' dir='ltr'>directa</span> <span class='ocrx_word' id='word_1_253' title='bbox 1447 1970 1510 2001; x_wconf 83' lang='lat'>324</span> <span class='ocrx_word' id='word_1_254' title='bbox 1532 1971 1682 2009; x_wconf 80' lang='lat' dir='ltr'>primum</span> 
     </span>
     <span class='ocr_line' id='line_1_29' title="bbox 144 2021 1682 2064; baseline -0.001 -11"><span class='ocrx_word' id='word_1_255' title='bbox 144 2022 368 2059; x_wconf 87' lang='lat' dir='ltr'>adiectiuum,</span> <span class='ocrx_word' id='word_1_256' title='bbox 397 2025 438 2053; x_wconf 89' lang='lat' dir='ltr'>ut</span> <span class='ocrx_word' id='word_1_257' title='bbox 465 2023 529 2054; x_wconf 87' lang='grc'>320</span> <span class='ocrx_word' id='word_1_258' title='bbox 560 2023 674 2062; x_wconf 79' lang='lat' dir='ltr'>prima</span> <span class='ocrx_word' id='word_1_259' title='bbox 762 2023 919 2062; x_wconf 70' lang='lat' dir='ltr'>diqnatus</span> <span class='ocrx_word' id='word_1_260' title='bbox 944 2023 1133 2064; x_wconf 87' lang='lat' dir='ltr'>passiuum‚</span> <span class='ocrx_word' id='word_1_261' title='bbox 1162 2026 1203 2053; x_wconf 86' lang='lat' dir='ltr'>ut</span> <span class='ocrx_word' id='word_1_262' title='bbox 1230 2031 1243 2053; x_wconf 91' lang='lat'>1</span> <span class='ocrx_word' id='word_1_263' title='bbox 1271 2023 1335 2053; x_wconf 80' lang='lat'>758</span> <span class='ocrx_word' id='word_1_264' title='bbox 1425 2022 1463 2052; x_wconf 76' lang='lat' dir='ltr'>in</span> <span class='ocrx_word' id='word_1_265' title='bbox 1489 2021 1548 2053; x_wconf 75' lang='lat' dir='ltr'>illo</span> <span class='ocrx_word' id='word_1_266' title='bbox 1576 2024 1682 2057; x_wconf 89' lang='lat' dir='ltr'>astro,</span> 
     </span>
     <span class='ocr_line' id='line_1_30' title="bbox 144 2071 1682 2114; baseline -0.001 -10"><span class='ocrx_word' id='word_1_267' title='bbox 144 2074 238 2105; x_wconf 87' lang='lat' dir='ltr'>intra</span> <span class='ocrx_word' id='word_1_268' title='bbox 261 2073 459 2114; x_wconf 87' lang='lat' dir='ltr'>Capricorni</span> <span class='ocrx_word' id='word_1_269' title='bbox 482 2073 567 2104; x_wconf 86' lang='lat' dir='ltr'>fines</span> <span class='ocrx_word' id='word_1_270' title='bbox 658 2074 719 2104; x_wconf 91' lang='grc'>325</span> <span class='ocrx_word' id='word_1_271' title='bbox 743 2073 900 2113; x_wconf 74' lang='lat' dir='ltr'>temporis</span> <span class='ocrx_word' id='word_1_272' title='bbox 923 2073 1074 2111; x_wconf 80' lang='lat' dir='ltr'>articulo,</span> <span class='ocrx_word' id='word_1_273' title='bbox 1099 2073 1247 2105; x_wconf 86' lang='lat' dir='ltr'>solstitio</span> <span class='ocrx_word' id='word_1_274' title='bbox 1271 2072 1426 2109; x_wconf 89' lang='lat' dir='ltr'>hiberno,</span> <span class='ocrx_word' id='word_1_275' title='bbox 1451 2071 1544 2113; x_wconf 92' lang='lat' dir='ltr'>quod</span> <span class='ocrx_word' id='word_1_276' title='bbox 1568 2072 1623 2103; x_wconf 91' lang='lat' dir='ltr'>uel</span> <span class='ocrx_word' id='word_1_277' title='bbox 1646 2073 1682 2104; x_wconf 91' lang='lat' dir='ltr'>in</span> 
     </span>
    </p>
   </div>
   <div class='ocr_carea' id='block_1_5' title="bbox 144 2124 1683 2883">
    <p class='ocr_par' dir='ltr' id='par_1_8' title="bbox 144 2124 1683 2883">
     <span class='ocr_line' id='line_1_31' title="bbox 144 2124 1683 2167; baseline -0.001 -11"><span class='ocrx_word' id='word_1_278' title='bbox 144 2126 258 2167; x_wconf 90' lang='lat' dir='ltr'>prima</span> <span class='ocrx_word' id='word_1_279' title='bbox 280 2124 336 2156; x_wconf 91' lang='lat' dir='ltr'>uel</span> <span class='ocrx_word' id='word_1_280' title='bbox 358 2128 485 2156; x_wconf 77' lang='lat' dir='ltr'>octaua</span> <span class='ocrx_word' id='word_1_281' title='bbox 509 2124 564 2156; x_wconf 90' lang='lat' dir='ltr'>uel</span> <span class='ocrx_word' id='word_1_282' title='bbox 586 2124 720 2156; x_wconf 86' lang='lat' dir='ltr'>decima</span> <span class='ocrx_word' id='word_1_283' title='bbox 743 2125 941 2166; x_wconf 87' lang='lat' dir='ltr'>Capricorni</span> <span class='ocrx_word' id='word_1_284' title='bbox 964 2128 1063 2166; x_wconf 87' lang='lat' dir='ltr'>parte</span> <span class='ocrx_word' id='word_1_285' title='bbox 1086 2124 1159 2156; x_wconf 87' lang='lat' dir='ltr'>fieri</span> <span class='ocrx_word' id='word_1_286' title='bbox 1181 2124 1365 2155; x_wconf 76' lang='lat' dir='ltr'>didicimus</span> <span class='ocrx_word' id='word_1_287' title='bbox 1387 2132 1430 2155; x_wconf 92' lang='lat'>111</span> <span class='ocrx_word' id='word_1_288' title='bbox 1453 2124 1586 2160; x_wconf 82' lang='lat'><strong>680-2;</strong></span> <span class='ocrx_word' id='word_1_289' title='bbox 1622 2133 1683 2154; x_wconf 82' lang='lat' dir='ltr'>eae</span> 
     </span>
     <span class='ocr_line' id='line_1_32' title="bbox 145 2174 1593 2217; baseline -0.002 -9"><span class='ocrx_word' id='word_1_290' title='bbox 145 2179 264 2208; x_wconf 90' lang='lat' dir='ltr'>autem</span> <span class='ocrx_word' id='word_1_291' title='bbox 284 2186 402 2207; x_wconf 87' lang='lat' dir='ltr'>omnes</span> <span class='ocrx_word' id='word_1_292' title='bbox 422 2179 539 2217; x_wconf 87' lang='lat' dir='ltr'>partes</span> <span class='ocrx_word' id='word_1_293' title='bbox 558 2177 669 2217; x_wconf 88' lang='lat' dir='ltr'>primo</span> <span class='ocrx_word' id='word_1_294' title='bbox 689 2177 762 2207; x_wconf 88' lang='lat' dir='ltr'>eius</span> <span class='ocrx_word' id='word_1_295' title='bbox 781 2176 912 2207; x_wconf 87' lang='lat' dir='ltr'>decano</span> <span class='ocrx_word' id='word_1_296' title='bbox 932 2176 1165 2213; x_wconf 89' lang='lat' dir='ltr'>continentur,</span> <span class='ocrx_word' id='word_1_297' title='bbox 1187 2177 1246 2216; x_wconf 89' lang='lat' dir='ltr'>qui</span> <span class='ocrx_word' id='word_1_298' title='bbox 1266 2175 1397 2207; x_wconf 83' lang='lat' dir='ltr'>Cancro</span> <span class='ocrx_word' id='word_1_299' title='bbox 1417 2174 1521 2206; x_wconf 84' lang='lat' dir='ltr'>datus</span> <span class='ocrx_word' id='word_1_300' title='bbox 1540 2177 1593 2206; x_wconf 88' lang='lat' dir='ltr'>est</span> 
     </span>
     <span class='ocr_line' id='line_1_33' title="bbox 189 2225 1681 2268; baseline -0.001 -10"><span class='ocrx_word' id='word_1_301' title='bbox 189 2230 337 2259; x_wconf 77' lang='lat' dir='ltr'>censetur</span> <span class='ocrx_word' id='word_1_302' title='bbox 357 2227 430 2266; x_wconf 70' lang='lat' dir='ltr'>ipse</span> <span class='ocrx_word' id='word_1_303' title='bbox 451 2226 679 2268; x_wconf 86' lang='lat' dir='ltr'>Capricornus</span> <span class='ocrx_word' id='word_1_304' title='bbox 701 2226 804 2258; x_wconf 88' lang='lat' dir='ltr'>titulo</span> <span class='ocrx_word' id='word_1_305' title='bbox 827 2227 951 2268; x_wconf 87' lang='lat' dir='ltr'>tropici</span> <span class='ocrx_word' id='word_1_306' title='bbox 973 2237 1012 2257; x_wconf 81' lang='lat' dir='ltr'>ac</span> <span class='ocrx_word' id='word_1_307' title='bbox 1035 2226 1200 2258; x_wconf 85' lang='lat' dir='ltr'>brumalis</span> <span class='ocrx_word' id='word_1_308' title='bbox 1222 2226 1309 2267; x_wconf 86' lang='lat' dir='ltr'>signi</span> <span class='ocrx_word' id='word_1_309' title='bbox 1399 2226 1462 2257; x_wconf 88' lang='grc'>326</span> <span class='ocrx_word' id='word_1_310' title='bbox 1483 2225 1569 2266; x_wconf 75' lang='lat' dir='ltr'>quod</span> <span class='ocrx_word' id='word_1_311' title='bbox 1584 2225 1681 2266; x_wconf 79' lang='lat' dir='ltr'>facit,</span> 
     </span>
     <span class='ocr_line' id='line_1_34' title="bbox 145 2276 1594 2321; baseline -0.001 -11"><span class='ocrx_word' id='word_1_312' title='bbox 145 2281 330 2321; x_wconf 86' lang='lat' dir='ltr'>propterea</span> <span class='ocrx_word' id='word_1_313' title='bbox 366 2277 530 2319; x_wconf 88' lang='lat' dir='ltr'>dignatus</span> <span class='ocrx_word' id='word_1_314' title='bbox 566 2277 661 2318; x_wconf 89' lang='lat' dir='ltr'>quod</span> <span class='ocrx_word' id='word_1_315' title='bbox 693 2277 779 2309; x_wconf 81' lang='lat' dir='ltr'>facit</span> <span class='ocrx_word' id='word_1_316' title='bbox 869 2281 1002 2309; x_wconf 85' lang='lat' dir='ltr'>umbris</span> <span class='ocrx_word' id='word_1_317' title='bbox 1039 2277 1349 2318; x_wconf 81' lang='lat' dir='ltr'>Regiomontanus,</span> <span class='ocrx_word' id='word_1_318' title='bbox 1382 2280 1486 2308; x_wconf 82' lang='lat' dir='ltr'>undis</span> <span class='ocrx_word' id='word_1_319' title='bbox 1515 2276 1594 2308; x_wconf 90' lang='lat' dir='ltr'>libri</span> 
     </span>
     <span class='ocr_line' id='line_1_35' title="bbox 190 2328 1593 2370; baseline -0.001 -9"><span class='ocrx_word' id='word_1_320' title='bbox 190 2330 252 2360; x_wconf 88' lang='grc'><strong>328</strong></span> <span class='ocrx_word' id='word_1_321' title='bbox 278 2332 395 2368; x_wconf 83' lang='lat' dir='ltr'>partis</span> <span class='ocrx_word' id='word_1_322' title='bbox 420 2332 602 2368; x_wconf 84' lang='lat' dir='ltr'>perfundit</span> <span class='ocrx_word' id='word_1_323' title='bbox 626 2328 701 2366; x_wconf 63' lang='lat' dir='ltr'>GU,</span> <span class='ocrx_word' id='word_1_324' title='bbox 719 2333 840 2367; x_wconf 81' lang='lat' dir='ltr'>partes</span> <span class='ocrx_word' id='word_1_325' title='bbox 861 2332 1050 2367; x_wconf 82' lang='lat' dir='ltr'>perfundet</span> <span class='ocrx_word' id='word_1_326' title='bbox 1073 2332 1131 2360; x_wconf 88' lang='lat' dir='ltr'>LM</span> <span class='ocrx_word' id='word_1_327' title='bbox 1221 2331 1321 2370; x_wconf 83' lang='lat' dir='ltr'>ignes</span> <span class='ocrx_word' id='word_1_328' title='bbox 1345 2331 1415 2365; x_wconf 87' lang='lat' dir='ltr'>LM,</span> <span class='ocrx_word' id='word_1_329' title='bbox 1432 2331 1551 2366; x_wconf 83' lang='lat' dir='ltr'>ignem</span> <span class='ocrx_word' id='word_1_330' title='bbox 1568 2332 1593 2360; x_wconf 80' lang='lat' dir='ltr'><strong>G</strong></span> 
     </span>
     <span class='ocr_line' id='line_1_36' title="bbox 190 2379 1681 2421; baseline -0.001 -9"><span class='ocrx_word' id='word_1_331' title='bbox 190 2381 254 2412; x_wconf 88' lang='lat'>330</span> <span class='ocrx_word' id='word_1_332' title='bbox 265 2380 421 2412; x_wconf 88' lang='lat' dir='ltr'>ordinem</span> <span class='ocrx_word' id='word_1_333' title='bbox 432 2390 504 2411; x_wconf 85' lang='lat' dir='ltr'>esse</span> <span class='ocrx_word' id='word_1_334' title='bbox 516 2380 676 2411; x_wconf 70' lang='lat' dir='ltr'>consortis</span> <span class='ocrx_word' id='word_1_335' title='bbox 687 2379 747 2410; x_wconf 70' lang='lat' dir='ltr'>sub</span> <span class='ocrx_word' id='word_1_336' title='bbox 760 2379 883 2419; x_wconf 74' lang='lat' dir='ltr'>triqoni</span> <span class='ocrx_word' id='word_1_337' title='bbox 895 2379 970 2420; x_wconf 76' lang='lat' dir='ltr'>leye,</span> <span class='ocrx_word' id='word_1_338' title='bbox 984 2380 1057 2411; x_wconf 90' lang='lat' dir='ltr'>eius</span> <span class='ocrx_word' id='word_1_339' title='bbox 1068 2389 1173 2420; x_wconf 91' lang='lat' dir='ltr'>quem</span> <span class='ocrx_word' id='word_1_340' title='bbox 1185 2379 1250 2411; x_wconf 88' lang='lat' dir='ltr'>sub</span> <span class='ocrx_word' id='word_1_341' title='bbox 1263 2379 1389 2421; x_wconf 84' lang='lat' dir='ltr'>trigoni</span> <span class='ocrx_word' id='word_1_342' title='bbox 1401 2379 1473 2421; x_wconf 86' lang='lat' dir='ltr'>lege</span> <span class='ocrx_word' id='word_1_343' title='bbox 1486 2381 1681 2411; x_wconf 84' lang='lat' dir='ltr'>consortem</span> 
     </span>
     <span class='ocr_line' id='line_1_37' title="bbox 145 2430 1681 2472; baseline -0.001 -9"><span class='ocrx_word' id='word_1_344' title='bbox 145 2431 264 2469; x_wconf 89' lang='lat' dir='ltr'>habet,</span> <span class='ocrx_word' id='word_1_345' title='bbox 292 2431 357 2463; x_wconf 88' lang='lat' dir='ltr'>hoc</span> <span class='ocrx_word' id='word_1_346' title='bbox 385 2434 439 2463; x_wconf 87' lang='lat' dir='ltr'>est</span> <span class='ocrx_word' id='word_1_347' title='bbox 466 2431 605 2469; x_wconf 87' lang='lat' dir='ltr'>Arietis,</span> <span class='ocrx_word' id='word_1_348' title='bbox 634 2431 738 2469; x_wconf 85' lang='lat' dir='ltr'>solus,</span> <span class='ocrx_word' id='word_1_349' title='bbox 766 2432 900 2472; x_wconf 85' lang='lat' dir='ltr'>opinor,</span> <span class='ocrx_word' id='word_1_350' title='bbox 930 2432 1104 2463; x_wconf 87' lang='lat' dir='ltr'>Breiterus</span> <span class='ocrx_word' id='word_1_351' title='bbox 1132 2440 1202 2462; x_wconf 91' lang='lat' dir='ltr'>non</span> <span class='ocrx_word' id='word_1_352' title='bbox 1230 2430 1402 2462; x_wconf 83' lang='lat' dir='ltr'>intellexit</span> <span class='ocrx_word' id='word_1_353' title='bbox 1491 2431 1624 2470; x_wconf 75' lang='lat' dir='ltr'>triqoni,</span> <span class='ocrx_word' id='word_1_354' title='bbox 1653 2439 1681 2462; x_wconf 85' lang='lat'>11</span> 
     </span>
     <span class='ocr_line' id='line_1_38' title="bbox 145 2481 1592 2524; baseline -0.001 -10"><span class='ocrx_word' id='word_1_355' title='bbox 145 2483 210 2514; x_wconf 85' lang='lat'>279</span> <span class='ocrx_word' id='word_1_356' title='bbox 238 2492 288 2523; x_wconf 87' lang='lat' dir='ltr'>sq.</span> <span class='ocrx_word' id='word_1_357' title='bbox 381 2483 442 2513; x_wconf 88' lang='grc'>331</span> <span class='ocrx_word' id='word_1_358' title='bbox 471 2482 596 2520; x_wconf 82' lang='lat' dir='ltr'>ducem,</span> <span class='ocrx_word' id='word_1_359' title='bbox 624 2483 660 2514; x_wconf 90' lang='lat' dir='ltr'>in</span> <span class='ocrx_word' id='word_1_360' title='bbox 688 2483 799 2524; x_wconf 90' lang='lat' dir='ltr'>primo</span> <span class='ocrx_word' id='word_1_361' title='bbox 827 2481 958 2514; x_wconf 87' lang='lat' dir='ltr'>decano</span> <span class='ocrx_word' id='word_1_362' title='bbox 985 2482 1139 2514; x_wconf 80' lang='lat' dir='ltr'>locatum</span> <span class='ocrx_word' id='word_1_363' title='bbox 1229 2482 1399 2522; x_wconf 82' lang='lat' dir='ltr'>quadrato,</span> <span class='ocrx_word' id='word_1_364' title='bbox 1428 2490 1456 2512; x_wconf 93' lang='lat'>11</span> <span class='ocrx_word' id='word_1_365' title='bbox 1484 2482 1592 2513; x_wconf 73' lang='lat' dir='ltr'><strong>664-ss</strong></span> 
     </span>
     <span class='ocr_line' id='line_1_39' title="bbox 190 2532 1681 2574; baseline 0 -10"><span class='ocrx_word' id='word_1_366' title='bbox 190 2534 253 2564; x_wconf 88' lang='lat'>333</span> <span class='ocrx_word' id='word_1_367' title='bbox 274 2532 410 2565; x_wconf 85' lang='lat' dir='ltr'>Gemini</span> <span class='ocrx_word' id='word_1_368' title='bbox 431 2533 585 2565; x_wconf 84' lang='lat' dir='ltr'>eiusdem</span> <span class='ocrx_word' id='word_1_369' title='bbox 606 2543 646 2565; x_wconf 82' lang='lat' dir='ltr'>ac</span> <span class='ocrx_word' id='word_1_370' title='bbox 667 2533 736 2566; x_wconf 88' lang='lat' dir='ltr'>Leo</span> <span class='ocrx_word' id='word_1_371' title='bbox 757 2533 928 2574; x_wconf 81' lang='lat' dir='ltr'>hexagoni</span> <span class='ocrx_word' id='word_1_372' title='bbox 949 2532 1044 2566; x_wconf 80' lang='lat' dir='ltr'>sidus</span> <span class='ocrx_word' id='word_1_373' title='bbox 1064 2536 1128 2570; x_wconf 87' lang='lat' dir='ltr'>est,</span> <span class='ocrx_word' id='word_1_374' title='bbox 1150 2541 1179 2564; x_wconf 87' lang='lat'>11</span> <span class='ocrx_word' id='word_1_375' title='bbox 1199 2533 1331 2565; x_wconf 88' lang='lat'><strong>368-70</strong></span> <span class='ocrx_word' id='word_1_376' title='bbox 1420 2537 1483 2564; x_wconf 85' lang='lat' dir='ltr'>hos</span> <span class='ocrx_word' id='word_1_377' title='bbox 1500 2557 1507 2563; x_wconf 95' lang='lat'><em>.</em></span> <span class='ocrx_word' id='word_1_378' title='bbox 1527 2556 1534 2564; x_wconf 90' lang='lat'><strong>.</strong></span> <span class='ocrx_word' id='word_1_379' title='bbox 1554 2557 1561 2564; x_wconf 92' lang='lat'><strong><em>.</em></strong></span> <span class='ocrx_word' id='word_1_380' title='bbox 1581 2542 1681 2565; x_wconf 84' lang='lat' dir='ltr'>senos</span> 
     </span>
     <span class='ocr_line' id='line_1_40' title="bbox 146 2583 1682 2625; baseline -0.001 -9"><span class='ocrx_word' id='word_1_381' title='bbox 146 2589 216 2621; x_wconf 88' lang='lat' dir='ltr'>LM,</span> <span class='ocrx_word' id='word_1_382' title='bbox 246 2587 326 2616; x_wconf 73' lang='lat' dir='ltr'>his.</span> <span class='ocrx_word' id='word_1_383' title='bbox 346 2608 354 2616; x_wconf 88' lang='lat'><strong>.</strong></span> <span class='ocrx_word' id='word_1_384' title='bbox 373 2608 381 2616; x_wconf 89' lang='lat'>.</span> <span class='ocrx_word' id='word_1_385' title='bbox 400 2594 503 2617; x_wconf 84' lang='lat' dir='ltr'>senas</span> <span class='ocrx_word' id='word_1_386' title='bbox 531 2589 557 2616; x_wconf 82' lang='lat' dir='ltr'><strong>G</strong></span> <span class='ocrx_word' id='word_1_387' title='bbox 646 2589 755 2617; x_wconf 86' lang='lat' dir='ltr'>flexus</span> <span class='ocrx_word' id='word_1_388' title='bbox 784 2589 854 2622; x_wconf 84' lang='lat' dir='ltr'>GM,</span> <span class='ocrx_word' id='word_1_389' title='bbox 883 2589 990 2617; x_wconf 82' lang='lat' dir='ltr'>flexos</span> <span class='ocrx_word' id='word_1_390' title='bbox 1022 2588 1046 2616; x_wconf 87' lang='lat'>1.</span> <span class='ocrx_word' id='word_1_391' title='bbox 1133 2593 1193 2623; x_wconf 82' lang='lat' dir='ltr'>per</span> <span class='ocrx_word' id='word_1_392' title='bbox 1220 2593 1316 2615; x_wconf 68' lang='lat' dir='ltr'>senos</span> <span class='ocrx_word' id='word_1_393' title='bbox 1337 2583 1459 2625; x_wconf 65' lang='lat' dir='ltr'>fleoeuS,</span> <span class='ocrx_word' id='word_1_394' title='bbox 1489 2592 1517 2615; x_wconf 93' lang='lat'>11</span> <span class='ocrx_word' id='word_1_395' title='bbox 1546 2584 1610 2615; x_wconf 88' lang='grc'>360</span> <span class='ocrx_word' id='word_1_396' title='bbox 1638 2583 1682 2615; x_wconf 85' lang='lat' dir='ltr'>de</span> 
     </span>
     <span class='ocr_line' id='line_1_41' title="bbox 144 2634 1682 2678; baseline -0.002 -10"><span class='ocrx_word' id='word_1_397' title='bbox 144 2636 326 2678; x_wconf 86' lang='lat' dir='ltr'>hexagono</span> <span class='ocrx_word' id='word_1_398' title='bbox 346 2635 437 2667; x_wconf 77' lang='lat' dir='ltr'>linea</span> <span class='ocrx_word' id='word_1_399' title='bbox 448 2636 605 2677; x_wconf 76' lang='lat' dir='ltr'>flectitur,</span> <span class='ocrx_word' id='word_1_400' title='bbox 626 2637 690 2668; x_wconf 89' lang='lat'>363</span> <span class='ocrx_word' id='word_1_401' title='bbox 709 2645 828 2676; x_wconf 71' lang='lat' dir='ltr'>sexque</span> <span class='ocrx_word' id='word_1_402' title='bbox 845 2645 905 2676; x_wconf 82' lang='lat' dir='ltr'>per</span> <span class='ocrx_word' id='word_1_403' title='bbox 923 2635 1095 2677; x_wconf 69' lang='lat' dir='ltr'>anfractus</span> <span class='ocrx_word' id='word_1_404' title='bbox 1113 2638 1274 2666; x_wconf 78' lang='lat' dir='ltr'>curuatur</span> <span class='ocrx_word' id='word_1_405' title='bbox 1292 2635 1437 2675; x_wconf 72' lang='lat' dir='ltr'>uirqula,</span> <span class='ocrx_word' id='word_1_406' title='bbox 1458 2636 1523 2667; x_wconf 86' lang='lat'>370</span> <span class='ocrx_word' id='word_1_407' title='bbox 1536 2634 1682 2676; x_wconf 70' lang='lat' dir='ltr'>flexibus</span> 
     </span>
     <span class='ocr_line' id='line_1_42' title="bbox 145 2686 1681 2728; baseline -0.001 -9"><span class='ocrx_word' id='word_1_408' title='bbox 145 2711 153 2720; x_wconf 91' lang='lat'><strong><em>.</em></strong></span> <span class='ocrx_word' id='word_1_409' title='bbox 173 2712 180 2720; x_wconf 89' lang='lat'><strong>.</strong></span> <span class='ocrx_word' id='word_1_410' title='bbox 200 2712 207 2719; x_wconf 89' lang='lat'><strong>.</strong></span> <span class='ocrx_word' id='word_1_411' title='bbox 226 2687 358 2719; x_wconf 82' lang='lat' dir='ltr'>totidem</span> <span class='ocrx_word' id='word_1_412' title='bbox 447 2696 510 2728; x_wconf 88' lang='lat' dir='ltr'>pro</span> <span class='ocrx_word' id='word_1_413' title='bbox 539 2687 700 2727; x_wconf 75' lang='lat' dir='ltr'>continqit</span> <span class='ocrx_word' id='word_1_414' title='bbox 730 2688 803 2719; x_wconf 86' lang='lat' dir='ltr'>sine</span> <span class='ocrx_word' id='word_1_415' title='bbox 833 2697 937 2719; x_wconf 84' lang='lat' dir='ltr'>causa</span> <span class='ocrx_word' id='word_1_416' title='bbox 967 2687 1139 2726; x_wconf 68' lang='lat' dir='ltr'>coniunqtt</span> <span class='ocrx_word' id='word_1_417' title='bbox 1170 2686 1439 2718; x_wconf 86' lang='lat' dir='ltr'>Bonincontrius</span> <span class='ocrx_word' id='word_1_418' title='bbox 1468 2689 1505 2718; x_wconf 88' lang='lat' dir='ltr'>et</span> <span class='ocrx_word' id='word_1_419' title='bbox 1534 2687 1681 2718; x_wconf 84' lang='lat' dir='ltr'>insecuti</span> 
     </span>
     <span class='ocr_line' id='line_1_43' title="bbox 144 2735 1680 2780; baseline -0.001 -10"><span class='ocrx_word' id='word_1_420' title='bbox 144 2739 306 2776; x_wconf 86' lang='lat' dir='ltr'>editores,</span> <span class='ocrx_word' id='word_1_421' title='bbox 330 2737 426 2779; x_wconf 89' lang='lat' dir='ltr'>quod</span> <span class='ocrx_word' id='word_1_422' title='bbox 442 2738 577 2779; x_wconf 85' lang='lat' dir='ltr'>expulit</span> <span class='ocrx_word' id='word_1_423' title='bbox 594 2738 752 2770; x_wconf 83' lang='lat' dir='ltr'>Iacobus.</span> <span class='ocrx_word' id='word_1_424' title='bbox 803 2747 831 2770; x_wconf 94' lang='lat'>11</span> <span class='ocrx_word' id='word_1_425' title='bbox 855 2739 918 2770; x_wconf 87' lang='lat'>366</span> <span class='ocrx_word' id='word_1_426' title='bbox 942 2748 992 2780; x_wconf 80' lang='lat' dir='ltr'>sq.</span> <span class='ocrx_word' id='word_1_427' title='bbox 1015 2738 1124 2770; x_wconf 74' lang='lat' dir='ltr'>Tauri</span> <span class='ocrx_word' id='word_1_428' title='bbox 1145 2735 1150 2780; x_wconf 87' lang='grc' dir='ltr'>Ι</span> <span class='ocrx_word' id='word_1_429' title='bbox 1169 2737 1279 2769; x_wconf 71' lang='lat' dir='ltr'>sidera</span> <span class='ocrx_word' id='word_1_430' title='bbox 1301 2737 1493 2778; x_wconf 68' lang='lat' dir='ltr'>continqens</span> <span class='ocrx_word' id='word_1_431' title='bbox 1510 2737 1680 2779; x_wconf 85' lang='lat' dir='ltr'>hexagoni</span> 
     </span>
     <span class='ocr_line' id='line_1_44' title="bbox 144 2789 1681 2831; baseline -0.001 -9"><span class='ocrx_word' id='word_1_432' title='bbox 144 2790 237 2822; x_wconf 81' lang='lat' dir='ltr'>linea</span> <span class='ocrx_word' id='word_1_433' title='bbox 326 2789 388 2820; x_wconf 83' lang='lat'>335</span> <span class='ocrx_word' id='word_1_434' title='bbox 414 2792 470 2821; x_wconf 92' lang='lat' dir='ltr'>cui</span> <span class='ocrx_word' id='word_1_435' title='bbox 495 2793 528 2821; x_wconf 88' lang='lat' dir='ltr'>M</span> <span class='ocrx_word' id='word_1_436' title='bbox 553 2790 643 2821; x_wconf 82' lang='lat' dir='ltr'>sicut</span> <span class='ocrx_word' id='word_1_437' title='bbox 663 2790 857 2822; x_wconf 85' lang='lat' dir='ltr'>coniecerat</span> <span class='ocrx_word' id='word_1_438' title='bbox 882 2789 1042 2831; x_wconf 84' lang='lat' dir='ltr'>Scaliger,</span> <span class='ocrx_word' id='word_1_439' title='bbox 1067 2799 1146 2822; x_wconf 88' lang='lat' dir='ltr'>cum</span> <span class='ocrx_word' id='word_1_440' title='bbox 1171 2793 1220 2821; x_wconf 82' lang='lat' dir='ltr'>GL</span> <span class='ocrx_word' id='word_1_441' title='bbox 1309 2792 1460 2827; x_wconf 86' lang='lat' dir='ltr'>primam</span> <span class='ocrx_word' id='word_1_442' title='bbox 1483 2792 1611 2821; x_wconf 85' lang='lat' dir='ltr'>tribuit</span> <span class='ocrx_word' id='word_1_443' title='bbox 1634 2794 1681 2826; x_wconf 83' lang='lat' dir='ltr'>M,</span> 
     </span>
     <span class='ocr_line' id='line_1_45' title="bbox 144 2840 1682 2883; baseline -0.001 -9"><span class='ocrx_word' id='word_1_444' title='bbox 144 2844 274 2874; x_wconf 80' lang='lat' dir='ltr'>tribuit</span> <span class='ocrx_word' id='word_1_445' title='bbox 301 2844 453 2880; x_wconf 82' lang='lat' dir='ltr'>primam</span> <span class='ocrx_word' id='word_1_446' title='bbox 480 2844 529 2873; x_wconf 83' lang='lat' dir='ltr'>GL</span> <span class='ocrx_word' id='word_1_447' title='bbox 618 2841 679 2872; x_wconf 88' lang='lat'>335</span> <span class='ocrx_word' id='word_1_448' title='bbox 708 2841 771 2872; x_wconf 89' lang='grc'>336</span> <span class='ocrx_word' id='word_1_449' title='bbox 797 2842 1016 2883; x_wconf 84' lang='lat' dir='ltr'>interpunxit</span> <span class='ocrx_word' id='word_1_450' title='bbox 1040 2840 1340 2882; x_wconf 82' lang='lat' dir='ltr'>Regiomontanus</span> <span class='ocrx_word' id='word_1_451' title='bbox 1430 2840 1492 2871; x_wconf 84' lang='lat'>336</span> <span class='ocrx_word' id='word_1_452' title='bbox 1519 2849 1682 2873; x_wconf 84' lang='lat' dir='ltr'>nemeaee</span> 
     </span>
    </p>
   </div>
  </div>
 </body>
</html>
