1872 3183
211 119 292 158 124
802 111 864 153 Μ.
896 106 1147 151 MANILII

369 237 499 280 quam
518 221 730 278 pecudum
750 225 907 262 mortes
927 218 1155 273 auiumque
1175 217 1404 260 adtendere
1422 221 1574 259 cantus
1593 218 1609 259 ’ἐ

246 307 314 339 915
369 303 500 354 atque
518 296 613 338 ideo
632 295 783 338 faciem
803 293 906 336 caeli
926 307 1011 334 non
1030 292 1194 334 inuidet
1213 291 1305 334 orbi

369 373 458 428 ipse
478 371 581 413 deus
600 369 829 424 uultusque
849 382 946 409 suos
965 381 1201 422 corpusque
1219 365 1398 408 recludit

371 445 583 489 uoluendo
602 458 765 499 semper
784 457 912 498 seque
930 442 1070 497 ipsum
1089 440 1274 483 inculcat
1293 445 1336 482 et
1356 440 1493 490 offert,

371 525 422 563 ut
441 520 547 562 bene
565 518 760 574 cognosci
778 516 913 573 possit
931 516 1166 570 doceatque
1185 514 1383 565 uidentis,

372 594 508 650 qualis
528 598 611 643 eat,
632 597 841 648 cogatque
860 605 957 633 suas
977 590 1197 632 attendere
1215 589 1338 645 leges.

249 678 316 710 920
372 670 460 725 ipse
479 673 608 711 uocat
627 672 793 709 nostros
813 665 976 707 animos
995 664 1050 706 ad
1070 664 1206 705 sidera
1225 663 1410 705 mundus

373 758 449 786 nec
469 743 646 799 patitur,
669 741 769 796 quia
789 754 874 782 non
893 739 1053 789 condit,
1074 753 1150 780 sua
1169 739 1261 780 iura
1279 737 1423 780 latere.

374 818 468 874 quis
486 821 612 873 putet
632 830 720 858 esse
738 815 857 856 nefas
876 813 1005 864 nosci,
1027 813 1142 868 quod
1160 826 1327 855 cernere
1346 812 1411 853 fas
1430 817 1495 854 est
1514 812 1529 853 ’ἔ

373 907 448 935 1166
468 896 692 934 contemne
710 895 808 932 tuas
828 888 949 944 quasi
968 902 1101 943 paruo
1120 887 1164 928 in
1183 901 1356 941 corpore
1374 886 1484 928 uires
1503 900 1512 928 ε

373 966 488 1023 quod
506 966 636 1016 ualet,
657 965 895 1006 inmensum
915 968 992 1004 est.
1049 962 1107 1004 sic
1127 961 1218 1003 auri
1237 961 1425 1017 pondera
1443 960 1566 1017 parui

212 1124 354 1156 minoris
384 1123 564 1164 dignitatis
594 1132 647 1153 res
676 1121 800 1162 cuique
830 1120 939 1161 magis
969 1118 1196 1151 diffidendum
1225 1119 1272 1150 sit-
1360 1117 1423 1148 915
1455 1117 1550 1149 ‘ideo
1579 1118 1626 1149 ist
1654 1117 1753 1149 nicht

213 1176 364 1212 erklart3
401 1174 457 1207 ich
484 1173 655 1215 empfehle
683 1172 785 1204 adeo'
815 1172 1002 1207 Breiterus,
1031 1171 1091 1212 qui
1118 1171 1146 1202 si
1173 1169 1383 1211 scaligerum
1409 1169 1558 1211 legisset,
1585 1169 1688 1200 sciret
1715 1178 1751 1200 se

212 1228 303 1259 illius
326 1227 561 1258 coniecturam
584 1228 749 1266 repetere,
773 1224 801 1255 si
825 1223 1033 1260 Bentleium,
1052 1223 1136 1254 haec
1158 1221 1307 1264 legisset,
1333 1221 1341 1234 ‘
1356 1220 1440 1252 ordo
1462 1223 1498 1252 et
1521 1220 1633 1258 series,
1657 1222 1754 1260 atque

214 1279 297 1310 ideo
320 1288 388 1310 non
411 1277 541 1309 inuidet
557 1276 694 1318 faciem,
718 1278 758 1307 ut
777 1275 889 1316 possit
911 1274 989 1306 bene
1012 1273 1182 1314 coquosci’
1273 1272 1337 1304 916
1359 1275 1511 1304 recludit
1533 1271 1632 1304 codd.
1660 1271 1753 1303 Flor.

213 1334 250 1363 et
270 1329 382 1368 Bodi„
399 1331 537 1361 reducit
556 1331 640 1360 GLM
730 1327 792 1358 917
813 1329 988 1358 uoluendo
1008 1335 1146 1364 semper
1164 1328 1209 1362 M,
1227 1333 1364 1362 semper
1380 1327 1555 1356 uoluendo
1574 1327 1624 1356 GL
1640 1323 1755 1355 minus

214 1382 368 1424 probato
381 1389 606 1413 numerorum
620 1378 771 1410 modulo.
819 1381 907 1420 puto
921 1387 1047 1419 semper
1060 1381 1203 1419 propter
1215 1386 1310 1417 seque
1323 1375 1489 1407 omissum
1502 1377 1538 1407 et
1550 1376 1587 1407 in
1600 1375 1754 1416 margine

215 1434 430 1475 adscriptum
462 1431 568 1463 fuisse
658 1430 720 1461 918
754 1433 867 1468 possit
900 1429 974 1467 (ΗΡ,
1008 1432 1128 1467 posset
1155 1431 1214 1460 LM
1303 1430 1460 1460 uidentis
1493 1426 1648 1467 Heringa
1680 1426 1754 1458 obs.

217 1485 291 1517 crit.
317 1495 350 1526 p.
376 1485 430 1521 77,
454 1485 617 1515 uidendis
641 1485 724 1514 GLM
747 1481 821 1512 cod.
841 1481 1005 1518 Venetus,
1030 1479 1124 1521 quod
1148 1479 1304 1511 tulerunt
1326 1478 1404 1510 duri
1426 1478 1582 1510 homines
1604 1477 1754 1510 Iacobus

215 1540 253 1569 et
276 1535 476 1572 Bechertus,
499 1533 644 1566 uidendo
667 1533 766 1564 codd.
792 1533 880 1564 Flor.
906 1535 942 1563 et
966 1531 1063 1564 Bodl.
1088 1534 1125 1563 et
1146 1530 1224 1562 edd.
1249 1533 1335 1562 uett.
1385 1530 1624 1562 accusatiuum
1646 1538 1756 1571 paene

216 1588 361 1630 requirit
386 1586 583 1628 insequenti
609 1595 711 1617 uersu
737 1585 891 1626 positum
917 1586 1007 1623 eoqat
1097 1583 1161 1613 919
1188 1586 1246 1615 eat
1272 1585 1316 1620 M,
1335 1585 1414 1614 erat
1440 1585 1489 1613 GL
1578 1584 1684 1619 cogat
1710 1583 1755 1618 M,

219 1643 342 1673 doceat
369 1642 418 1671 GL
443 1649 487 1669 ex
514 1647 615 1669 uersu
643 1637 839 1678 superiore:
880 1635 963 1667 illud
990 1634 1121 1676 primus
1148 1633 1312 1676 probauit
1338 1632 1493 1674 Heringa
1581 1632 1644 1663 921
1672 1632 1756 1673 quia

217 1692 307 1733 leges
327 1700 408 1722 suas
427 1699 497 1721 non
511 1688 705 1725 abscondit,
719 1690 904 1729 propterca
923 1686 963 1718 fit
976 1690 1016 1718 ut
1035 1696 1095 1717 eae
1108 1686 1215 1717 latere
1231 1684 1483 1727 prohibeantur
1572 1684 1636 1715 922
1653 1687 1757 1722 putet

217 1743 299 1776 Vrb.
334 1743 397 1774 667
429 1744 466 1773 et
496 1740 570 1772 cod.
605 1740 708 1777 Flor.,
740 1742 846 1778 putat
886 1742 982 1771 GLM.
1027 1737 1198 1769 Italorum
1235 1737 1469 1768 coniecturam
1504 1736 1679 1768 iterarunt
1718 1736 1755 1767 P.

220 1794 386 1827 Francius
399 1796 435 1824 et
450 1791 638 1829 Bentleius,
653 1801 740 1832 quos
754 1800 833 1822 cum
847 1790 1015 1831 Pingraeo
1028 1788 1157 1820 Iacobo
1172 1789 1326 1820 Breitero
1341 1790 1479 1820 secutus
1493 1797 1580 1819 sum.
1628 1787 1758 1819 etenim

219 1846 296 1887 quis
310 1847 405 1887 putet
421 1844 522 1886 plane.
546 1842 667 1874 eodem
688 1842 792 1873 modo
811 1842 954 1883 ponitur
971 1841 1038 1873 Cic.
1059 1841 1101 1871 de
1119 1840 1176 1871 fin.
1195 1849 1209 1871 1
1229 1841 1265 1871 11
1286 1842 1321 1871 et
1338 1839 1381 1871 de
1398 1850 1460 1881 r.p.
1480 1848 1494 1870 1
1510 1839 1573 1877 28;
1600 1838 1758 1870 dissimili

218 1898 354 1930 ratione
370 1896 446 1937 quis
460 1897 560 1936 putat
575 1895 623 1926 eis
641 1894 782 1935 quidem
801 1903 891 1935 quae
908 1893 993 1925 mihi
1011 1892 1054 1924 ad
1070 1902 1212 1923 manum
1230 1894 1312 1923 sunt
1329 1890 1496 1932 exemplis
1513 1890 1582 1922 n.d.
1602 1898 1631 1921 11
1647 1891 1667 1922 5
1683 1889 1761 1931 quis

220 1949 309 1981 enim
337 1948 653 1988 Hippocentaurum
676 1945 787 1987 fuisse
816 1947 874 1976 aut
897 1944 1109 1976 Chimaeram
1131 1944 1256 1984 putat?
1280 1945 1316 1974 et
1340 1953 1403 1985 pro
1428 1942 1500 1984 Lig.
1522 1943 1543 1974 9
1564 1942 1641 1983 quis
1662 1943 1762 1983 putat

221 2010 288 2032 esse
301 1999 426 2031 crimen
433 1998 544 2040 fuisse
556 1997 595 2029 in
608 1996 728 2038 Africa
738 1998 755 2028 ?
774 2006 892 2036 nempe
905 1996 935 2027 is
948 1996 1006 2036 qui
1020 1998 1049 2026 et
1065 1995 1138 2035 ipse
1159 1995 1197 2026 in
1219 1994 1330 2026 eadem
1348 1992 1530 2034 prouincia
1547 2003 1615 2025 esse
1630 1992 1740 2025 uoluit
1752 2004 1760 2029 ;

219 2061 302 2084 nam
318 2051 394 2083 illos
411 2050 504 2082 locos
522 2049 647 2081 omitto
665 2048 724 2080 ubi
741 2048 777 2079 in
795 2047 970 2079 codicibus
988 2048 1154 2084 uariatur,
1168 2047 1205 2077 in
1218 2046 1285 2077 Pis.
1302 2046 1355 2083 96,
1369 2045 1472 2077 Mart.
1487 2053 1556 2077 vm
1569 2046 1611 2076 47
1626 2045 1659 2083 2,
1674 2044 1759 2076 Luc.

217 2112 258 2135 lx
276 2103 352 2135 269.
398 2101 562 2134 Manilius
585 2100 662 2141 quis
683 2099 793 2131 credat
813 2108 827 2131 1
852 2100 931 2137 492,
956 2099 1033 2140 quis
1055 2098 1164 2139 possit
1188 2097 1316 2129 credere
1334 2105 1379 2128 111
1400 2097 1478 2134 236,
1493 2096 1571 2137 quis
1585 2095 1693 2128 dicere
1706 2120 1714 2128 .
1730 2120 1737 2126 .
1755 2119 1763 2127 .

217 2155 340 2187 audeat
359 2162 389 2186 11
413 2154 477 2186 134
498 2163 563 2194 sq„
584 2152 661 2193 quis
682 2154 774 2192 neyet
793 2160 823 2182 11
851 2152 927 2189 127,
951 2151 1027 2191 quis
1055 2149 1180 2181 dubitet
1207 2158 1236 2180 11
1267 2150 1342 2187 105,
1370 2157 1410 2180 1v
1440 2149 1504 2180 176
1594 2150 1692 2180 nosci
1718 2151 1765 2184 M,

220 2210 319 2239 nasci
349 2208 399 2238 GL
487 2204 551 2235 923
583 2213 718 2244 corpore
750 2213 814 2245 pro
845 2206 975 2243 pectore
1005 2202 1176 2243 scriptum
1206 2201 1374 2242 suspicor,
1400 2202 1442 2232 ut
1467 2208 1497 2231 11
1526 2200 1593 2231 254
1617 2199 1655 2231 in
1685 2202 1763 2237 LM;

221 2262 258 2290 et
280 2257 384 2299 uulgo
406 2265 466 2288 eae
483 2265 585 2287 uoces
605 2254 879 2291 confunduntur,
902 2254 999 2285 uelut
1017 2252 1111 2294 apud
1133 2262 1242 2284 unum
1259 2251 1448 2293 Vergilium
1463 2251 1500 2282 in
1518 2249 1764 2283 uetustissimis

221 2309 317 2342 libris
349 2307 568 2350 quinquiens,
599 2316 711 2349 georg.
748 2315 791 2337 111
820 2307 896 2343 426,
930 2314 968 2337 iv
997 2306 1072 2342 217,
1106 2304 1191 2336 Aen.
1226 2312 1279 2335 vn
1307 2303 1382 2341 349,
1411 2311 1436 2334 Χ
1463 2303 1540 2340 486,
1571 2303 1645 2335 838.
1684 2302 1764 2334 uide

222 2370 251 2393 Π
280 2361 338 2392 121
368 2361 507 2399 αηραειο
528 2357 588 2389 sub
610 2360 747 2398 pectore.
796 2367 920 2398 corpus
945 2356 1094 2388 hominis
1119 2354 1213 2397 quod
1238 2354 1333 2387 ualet
1357 2355 1565 2386 immensum
1590 2364 1661 2385 non
1687 2357 1764 2391 est;

223 2421 347 2453 neque,
371 2419 585 2452 quamquam
607 2409 690 2441 locis
712 2408 757 2440 ad
778 2416 807 2439 11
829 2409 893 2440 580
916 2407 1041 2439 adlatis
1063 2406 1098 2438 id
1120 2415 1247 2438 nomen
1267 2415 1330 2448 pro
1352 2408 1429 2437 toto
1450 2404 1589 2436 homine
1610 2404 1765 2447 positum

224 2463 375 2500 uidetur,
394 2461 494 2493 facile
513 2461 560 2492 sic
579 2460 688 2502 accipi
706 2462 824 2502 potest
841 2460 878 2491 in
895 2459 960 2490 hac
979 2458 1164 2490 uerborum
1182 2457 1430 2499 complexione,
1447 2466 1557 2497 paruo
1575 2456 1614 2487 in
1632 2465 1765 2497 corpore

225 2515 325 2546 uires.
374 2513 504 2545 frustra
515 2514 635 2544 autem
646 2510 824 2543 Bentleius
835 2510 920 2551 quod
931 2510 1188 2542 nominatiuum
1199 2518 1271 2540 esse
1283 2507 1371 2546 uult,
1384 2508 1537 2539 animum
1551 2507 1764 2549 intellegens,

228 2576 309 2598 nam
333 2575 377 2596 ne
406 2564 543 2596 animus
565 2562 707 2605 quidem
728 2563 917 2594 immensus
940 2564 993 2593 est
1083 2560 1147 2591 924
1169 2563 1261 2599 quod
1285 2559 1359 2598 GL2,
1382 2568 1452 2598 quo
1474 2562 1532 2591 LM
1555 2558 1764 2590 defendente

229 2617 411 2659 Scaligero,
443 2615 594 2648 Plinium
623 2615 715 2646 enim
746 2613 884 2646 ualendj
914 2613 1020 2645 uerbo
1052 2612 1246 2645 ablatiuum
1276 2611 1378 2653 pretii
1408 2611 1626 2648 adiunxisse3
1669 2610 1764 2652 quod

229 2679 272 2701 ne
299 2668 419 2700 fecisse
448 2667 589 2708 quidem
618 2666 766 2698 uidetur.
814 2675 926 2707 neque
953 2665 1062 2706 magis
1086 2664 1171 2696 haec
1198 2663 1338 2705 probari
1364 2665 1482 2705 potest
1508 2663 1764 2704 interpretatio,

231 2721 239 2733 ⁴
254 2730 295 2752 ea
324 2729 388 2757 res,
423 2728 494 2760 qua
528 2718 623 2750 ualet
655 2717 831 2759 polletque
865 2718 937 2748 siue
970 2726 1094 2758 corpus
1127 2715 1198 2746 siue
1231 2717 1364 2756 pectus,
1397 2715 1567 2746 immensa
1599 2716 1653 2746 est
1666 2713 1675 2727 '

274 2774 430 2810 pondera
450 2769 575 2807 GL²M²‚
598 2773 751 2808 pondere
771 2772 829 2800 Lm
919 2778 981 2809 pro
999 2767 1104 2808 parui
1130 2766 1307 2798 Bentleius
1325 2775 1448 2806 parua,
1463 2764 1556 2806 quod
1577 2764 1676 2796 alteri
1696 2773 1768 2795 non

230 2826 406 2865 praestare
428 2821 554 2859 iudico,
579 2821 670 2853 sicut
690 2821 725 2852 in
749 2819 831 2852 Hor.
858 2829 961 2851 carm.
982 2827 994 2851 1
1017 2819 1059 2850 28
1082 2819 1102 2851 3
1124 2828 1174 2859 sq.
1193 2817 1347 2859 pulueris
1369 2817 1481 2858 exigui
1496 2841 1503 2849 .
1523 2841 1530 2848 .
1550 2841 1557 2848 .
1573 2825 1686 2857 parua
1702 2839 1709 2847 .
1729 2840 1736 2847 .
1756 2839 1764 2846 .
