1872 3183
595 83 1077 127 ASTRONOMICON
1108 83 1174 125 IV
1570 85 1650 124 123

280 201 441 238 erectus
461 196 611 251 capitis
630 195 851 251 uictorque
871 195 926 237 ad
944 195 1080 236 sidera
1100 195 1237 236 mittit

280 270 460 311 sidereos
480 269 621 312 oculos
640 269 896 325 propiusque
915 269 1138 324 adspectat
1158 268 1388 324 Olympum

280 343 538 399 inquiritque
557 344 705 386 Iouem
724 358 732 393 3
769 358 844 384 nec
864 343 953 384 sola
972 342 1113 384 fronte
1133 342 1308 384 deorum

280 422 506 459 contentus
526 422 683 467 manet,
705 422 748 458 et
766 416 930 459 caelum
949 421 1162 458 scrutatur
1181 417 1225 457 in
1245 415 1342 458 aluo

155 499 223 531 910
281 496 593 547 cognatumque
612 505 789 547 sequens
808 505 959 546 corpus
978 504 1021 532 se
1041 490 1207 545 quaerit
1227 490 1270 531 in
1289 489 1426 532 astris.

281 565 378 607 huic
398 565 441 606 in
460 570 586 607 tanta
606 565 733 606 fidem
752 564 949 620 petimus,
970 579 1100 620 quam
1119 579 1243 619 saepe
1261 563 1451 606 uolucres

282 639 497 695 accipiunt
516 639 790 694 trepidaeque
809 653 885 680 suo
905 638 983 680 sub
1003 643 1171 693 pectore
1191 638 1333 680 fibrae.

282 727 337 754 an
356 713 494 755 minus
514 718 578 755 est
597 713 724 755 sacris
743 713 950 754 rationem
970 712 1120 754 ducere
1140 712 1268 767 signis

116 839 198 879 7OA)
215 838 408 880 similiaque
423 840 552 881 passim
569 839 637 876 alii,
655 839 751 871 uelut
767 838 883 871 Cicero
897 838 995 870 Tusc.
1015 847 1028 869 1
1044 839 1086 870 20
1103 838 1140 869 in
1156 838 1263 879 capite
1279 837 1365 869 sicut
1380 838 1418 869 in
1434 846 1515 869 arce.
1565 836 1654 868 Stat.

115 890 223 922 Theb.
248 899 286 922 VI
307 891 372 922 502
394 901 444 932 sq.
470 894 590 922 erectus
608 891 646 922 in
673 901 783 922 armos
804 889 808 933 Ι
828 893 892 922 stat
913 900 1022 931 equus
1044 889 1249 931 pauefactus
1340 889 1403 920 906
1425 893 1562 921 erectus
1584 891 1656 924 GM,

116 945 260 980 ereptus
273 945 307 979 L,
321 945 452 980 ereptis
468 942 542 973 cod.
559 942 711 974 Venetus
802 944 929 980 capitis
943 945 979 978 G,
995 942 1101 978 captis
1119 943 1180 974 LM
1193 940 1267 972 cod.
1284 940 1448 977 Venetus,
1463 939 1655 971 contrarius

115 1003 210 1024 error
223 993 259 1024 in
273 996 331 1024 ΒΜ
346 1002 374 1024 11
396 994 416 1025 6
506 993 568 1025 907
592 997 755 1033 sydereos
777 996 813 1030 G,
831 995 1056 1031 sidereosque
1077 995 1145 1023 LM,
1193 992 1282 1024 Plat.
1299 1001 1368 1033 rep.
1386 992 1475 1023 508ss
1499 992 1583 1029 ὄμμα
1598 1014 1605 1021 .
1623 1014 1631 1022 .
1648 1013 1654 1021 .

117 1045 373 1083 ἡλιοειδέστατον
387 1069 395 1076 .
411 1069 419 1075 .
435 1069 443 1076 .
470 1047 532 1076 τῶν
555 1047 626 1085 περὶ
642 1047 705 1076 τὰσ
721 1046 891 1083 αἰσθήσεισ
914 1045 1067 1084 ὀργάνων,
1087 1042 1180 1076 Sext.
1200 1053 1291 1083 emp.
1311 1044 1393 1083 πρὸσ
1412 1045 1564 1082 λογικούσ
1582 1050 1595 1073 1
1615 1042 1657 1074 93

117 1097 164 1128 ὡσ
180 1097 217 1127 τὸ
232 1097 290 1134 μὲν
309 1098 393 1135 φῶσ,
422 1098 520 1135 φησὶν
540 1097 555 1127 ὀ
576 1097 792 1128 Ποσειδώνιοσ
814 1097 868 1127 τὸν
888 1097 1069 1127 Πλάτωνοσ
1090 1096 1220 1133 Τίμαιον
1239 1094 1312 1136 (ubi
1334 1095 1402 1126 4513
1427 1095 1586 1134 φωσφόρα
1600 1116 1607 1124 .
1623 1116 1631 1125 .
1649 1116 1656 1124 .

117 1147 259 1187 ὄμματα)
286 1149 509 1187 ἐξηγούμενοσ,
529 1149 589 1179 ὑπὸ
604 1150 667 1186 τῆσ
685 1149 879 1187 φωτοειδοῦσ·
897 1148 1004 1187 ὄψεωσ
1020 1147 1316 1186 καταλαμβάνεται,
1332 1147 1352 1183 ἡ
1369 1146 1402 1177 δὲ
1418 1147 1508 1184 φωνὴ
1524 1146 1584 1176 ὑπὸ
1596 1146 1659 1182 τῆσ

116 1201 298 1239 ἀεροειδοῦσ
313 1201 425 1237 ἀκοῆσ,
441 1201 521 1231 οὕτω
537 1201 589 1230 καὶ
605 1200 624 1237 ἡ
640 1201 702 1229 τῶν
719 1200 802 1230 ὅλων
818 1201 918 1238 φύσισ
936 1200 996 1229 ὑπὸ
1012 1200 1193 1238 συγγενοῦσ
1210 1199 1331 1237 ὀφείλει
1349 1197 1659 1237 καταλαμβάνεσθαι

117 1249 172 1281 τοῦ
195 1251 305 1290 λόγου,
323 1250 427 1282 Arist.
450 1250 603 1291 metaph.
626 1258 654 1281 ΙΙ
674 1260 706 1291 p.
729 1250 831 1282 lOOO¹’
849 1250 914 1282 5—9
932 1251 951 1288 ὴ
970 1251 1003 1281 δὲ
1019 1251 1144 1290 Ὑνῶσισ
1157 1251 1212 1280 τοῦ
1226 1249 1332 1286 ὁμοίου
1345 1248 1389 1288 τῷ
1409 1249 1512 1287 ὁμοίῳ.
1563 1249 1659 1287 (γαίῃ

116 1303 175 1340 μὲν
199 1302 282 1342 ’γὰρ’
299 1304 379 1341 φησὶ
398 1303 512 1341 ’γαῖαν
533 1302 717 1339 ὀπώπαμεν,
740 1303 828 1332 ὕδατι
847 1301 874 1332 δ’
892 1303 982 1342 ὕδωρ,
1003 1299 1008 1343 Ι
1025 1302 1123 1341 αἰθέρι
1142 1301 1168 1331 δ’
1185 1302 1295 1341 αἰθέρα
1314 1301 1389 1336 δΐον,
1409 1301 1489 1339 ἀτὰρ
1507 1301 1578 1339 πυρὶ
1597 1297 1660 1338 πῦρ

117 1353 267 1391 ἀίδηλον’
289 1352 449 1394 (Emped.
469 1352 509 1384 fr.
532 1353 594 1384 109
612 1352 732 1391 Diels.)
779 1354 924 1390 propius
941 1355 975 1388 G,
989 1354 1155 1390 proprius
1171 1354 1229 1383 LM
1274 1350 1336 1381 908
1354 1350 1417 1381 909
1434 1349 1511 1382 Seu.
1531 1359 1600 1390 n,q.
1622 1357 1660 1380 VI

118 1405 139 1435 5
153 1404 173 1434 2
192 1404 306 1444 maqni
318 1404 428 1435 animi
439 1403 511 1445 fait
523 1414 633 1435 rerum
650 1406 790 1435 naturae
808 1402 948 1435 latebras
966 1402 1131 1434 dimouere
1148 1411 1206 1434 nec
1219 1404 1405 1434 contentum
1419 1401 1572 1433 exteriore
1587 1400 1659 1432 eius

118 1457 253 1495 aspectu
276 1455 491 1495 introspicere
515 1458 543 1487 et
567 1455 604 1486 in
628 1454 762 1486 deorum
785 1457 905 1486 secreta
928 1454 1125 1486 descendere.
1174 1453 1386 1485 astronomia
1409 1463 1479 1484 non
1502 1452 1658 1483 contenti

118 1506 277 1538 homines
318 1506 587 1548 progrediuntur
628 1505 673 1537 ad
714 1505 1010 1537 mathematicam.
1059 1514 1072 1536 1
1116 1506 1200 1537 13-9
1243 1505 1341 1536 iuuat
1357 1528 1364 1535 .
1383 1528 1390 1535 .
1411 1528 1417 1535 .
1436 1503 1533 1544 siqua
1550 1527 1557 1534 .
1577 1527 1584 1534 .
1603 1527 1611 1534 .
1631 1506 1659 1534 et

118 1557 278 1589 aduersos
302 1557 472 1590 stellarum
496 1567 626 1589 noscere
651 1567 776 1589 cursus.
799 1556 804 1599 1
824 1557 910 1597 quod
934 1557 1042 1588 solum
1066 1557 1199 1588 nouisse
1221 1566 1344 1596 parum
1370 1558 1423 1587 est.
1472 1554 1659 1595 impensius

118 1609 197 1649 ipsa
218 1607 223 1652 Ι
242 1608 325 1641 scire
352 1609 451 1640 iuuat
477 1609 592 1649 mayrzi
621 1608 758 1649 penitus
789 1608 984 1649 praecordia
1017 1607 1146 1645 mundi,
1169 1606 1319 1650 {quaque
1351 1608 1440 1646 reqat
1471 1608 1657 1646 yeneretque

118 1660 191 1692 suis
208 1659 375 1692 animalia
393 1660 499 1700 siquis
520 1666 525 1703 Ι
544 1669 681 1697 cernere,
702 1659 761 1691 ubi
786 1659 979 1700 praecordia
996 1659 1088 1690 idem
1113 1658 1283 1700 significat
1308 1657 1402 1699 quod
1421 1668 1453 1689 u.
1475 1658 1539 1689 909
1556 1656 1658 1688 aluus

205 1711 270 1742 909
292 1714 321 1743 et
342 1711 570 1753 praecedente
593 1711 776 1752 negatione
801 1720 864 1752 pro
886 1710 941 1742 sed
963 1710 1115 1751 positum
1138 1709 1314 1741 Bentleius
1336 1719 1446 1749 neque
1468 1708 1523 1739 hic
1546 1717 1656 1748 neque

116 1762 154 1794 in
173 1762 273 1795 Ouid.
294 1762 363 1794 her.
384 1771 427 1794 111
445 1764 487 1794 79
505 1772 555 1803 sq.
576 1773 658 1794 neue
683 1772 770 1794 meos
794 1771 902 1793 coram
923 1760 1031 1793 scindi
1047 1761 1178 1802 patiare
1197 1760 1335 1801 capillos
1356 1759 1361 1803 Ι
1381 1763 1415 1792 et
1433 1759 1546 1792 leuiter
1565 1759 1658 1791 dicas

120 1813 128 1826 ‘
146 1813 223 1845 haec
245 1823 369 1854 quoque
398 1816 511 1845 nostra
530 1813 620 1854 fuit⁷
643 1817 778 1845 mutare
804 1812 924 1845 debuit
1013 1812 1077 1843 910
1100 1821 1136 1844 se
1160 1811 1320 1853 Scaliger,
1344 1813 1393 1843 sit
1415 1814 1485 1848 LM,
1509 1813 1559 1842 sio
1581 1809 1658 1842 GL2.

117 1864 239 1896 Achill.
263 1865 345 1906 isag.
372 1866 387 1896 l
413 1864 470 1896 fin.
495 1867 583 1896 οὐδὲν
609 1866 643 1896 δέ
667 1866 844 1905 παράδοξον
868 1864 920 1895 ὑπ’
946 1865 1120 1905 ἀνθρώπων
1142 1866 1300 1902 τοσαύτην
1326 1864 1488 1904 εὑρεθῆναι
1515 1864 1659 1902 θεωρίαν·

119 1918 210 1958 ψυχὴ
245 1918 309 1957 γὰρ
346 1918 436 1947 πᾶσα
465 1918 630 1948 ἀθάνατοσ
659 1918 857 1948 κατελθοῦσα
896 1917 929 1955 ἐξ
964 1917 1096 1956 οὐρανοῦ
1133 1917 1328 1947 ἀνανεύουσα
1359 1915 1404 1946 dm·
1442 1917 1479 1946 ἑο·
1516 1915 1658 1953 συγγενῆ

117 1969 172 1999 τὸν
206 1969 335 2009 οὐρανὸν
369 1969 476 1999 πάντα
508 1969 549 1999 τὰ
581 1969 702 2006 συνήθη
740 1968 851 2007 θεωρεῖ
879 1969 933 1998 καὶ
973 1968 1162 2003 ἐπισπᾶται,
1190 1968 1273 2006 πρὸσ·
1313 1967 1347 1997 ὃν
1388 1966 1440 1997 καὶ
1476 1966 1659 2004 ἀναχθῆναι

118 2020 283 2059 ἐπείγεται
373 2028 502 2059 corpus,
540 2020 622 2058 φασὶ
654 2020 718 2059 ’γὰρ
758 2020 850 2056 σῶμα
884 2019 962 2049 εἶναι
1002 2019 1056 2049 τὸν
1097 2018 1167 2049 θεὸν
1208 2019 1236 2049 οἱ
1273 2018 1406 2048 Στωικοὶ
1443 2017 1495 2047 καὶ
1535 2017 1659 2053 πνεῦμα

118 2070 188 2102 κατ’
225 2071 346 2107 οὐσίαν,
389 2072 496 2111 ὥσπερ
529 2071 639 2108 ἀμέλει
679 2071 731 2101 καὶ
770 2072 827 2107 τὴν
868 2070 975 2110 ψυχήν
1012 2068 1115 2101 Clem.
1154 2068 1250 2099 Alex.
1296 2070 1414 2099 strom.
1460 2075 1483 2098 V
1528 2067 1569 2098 14

207 2121 269 2152 911
306 2124 387 2153 huic
420 2124 480 2160 GL,
517 2121 602 2152 item
637 2124 671 2152 M
696 2119 756 2152 sed
788 2130 873 2152 corr.
906 2120 942 2152 in
972 2122 1065 2157 hinc,
1097 2119 1191 2160 quod
1224 2128 1303 2150 cum
1334 2118 1463 2160 priores
1489 2117 1657 2149 editiones

118 2175 332 2215 occupasset,
367 2172 543 2204 Bentleius
576 2172 654 2203 huic
686 2172 839 2203 restituit
878 2181 1058 2213 perperam
1098 2174 1218 2202 tamen
1257 2170 1506 2212 interpretatus
1545 2168 1553 2182 ‘
1568 2168 1657 2206 huic,

118 2224 261 2262 homini,
291 2224 408 2266 partui
448 2223 544 2261 caeli,
575 2224 725 2265 petimus
763 2222 867 2255 fidem
881 2223 900 2254 ².
948 2232 1017 2254 non
1051 2222 1182 2254 homini
1211 2221 1344 2254 caelum
1386 2221 1567 2258 scrutanti,
1596 2221 1658 2262 qui

118 2285 198 2307 cum
226 2275 398 2307 oscinibus
425 2276 584 2316 extisque
621 2275 814 2316 comparari
850 2284 920 2305 non
957 2277 1084 2315 potest,
1113 2273 1173 2305 sed
1206 2273 1271 2314 ipsi
1298 2272 1392 2304 caelo
1417 2275 1522 2314 poeta
1552 2271 1655 2303 fidem

117 2328 219 2370 petit,
259 2327 358 2368 eique
398 2329 439 2359 ut
477 2336 520 2358 ne
554 2327 667 2358 minus
706 2336 812 2367 quam
846 2325 1036 2367 pecudibus
1073 2328 1135 2357 aut
1172 2324 1295 2356 auibus
1334 2323 1377 2355 de
1415 2334 1451 2355 re
1490 2324 1658 2360 maxima,

118 2378 232 2411 futuri
257 2378 482 2416 diuinatione,
509 2377 671 2409 credatur
695 2377 861 2419 postulat.
913 2376 989 2408 huic
1011 2377 1116 2418 igitur
1138 2375 1183 2407 ad
1208 2378 1382 2416 coqnatum
1404 2384 1523 2415 corpus
1548 2377 1584 2406 et
1610 2374 1655 2406 ad

119 2429 217 2461 illum
238 2439 272 2461 se
292 2439 396 2470 quem
417 2429 521 2460 homo
542 2429 579 2460 in
600 2428 702 2460 astris
723 2428 860 2469 quaerit
884 2427 1101 2459 referendum
1118 2429 1171 2458 est
1260 2426 1324 2457 912
1344 2435 1415 2463 suo,
1438 2426 1492 2457 cui
1514 2425 1656 2457 innatae

120 2482 214 2518 sunt,
236 2482 277 2512 ut
298 2480 379 2512 Luc.
403 2488 457 2512 vn
480 2480 542 2511 128
564 2489 613 2520 sq.
638 2479 808 2519 animique
829 2481 934 2510 truces
955 2488 1018 2510 sua
1036 2480 1168 2518 pectora
1185 2477 1325 2518 pulsant
1345 2475 1349 2519 Ι
1370 2476 1488 2508 ictibus
1509 2476 1655 2513 incertis,

121 2530 222 2564 Ouid.
238 2541 281 2563 ex
295 2531 397 2563 Pont.
413 2539 456 2562 111
469 2532 490 2563 9
504 2532 546 2561 22
560 2540 697 2570 cumque
710 2541 770 2562 suo
783 2539 927 2561 crescens
937 2531 1064 2570 pectore
1072 2528 1180 2570 feruet
1193 2538 1288 2569 opus,
1304 2529 1324 2559 8
1341 2529 1382 2559 14
1394 2527 1490 2559 nulla
1500 2530 1657 2568 premunt

119 2592 230 2615 ramos
247 2582 392 2623 pondere
409 2592 512 2623 poma
531 2592 620 2619 suos,
642 2582 743 2613 Mart.
766 2590 805 2613 IX
826 2582 868 2613 76
889 2582 910 2612 4
930 2580 1150 2621 qaudebatque
1171 2590 1251 2612 suas
1268 2579 1405 2620 pinyere
1425 2578 1525 2611 barba
1544 2588 1656 2619 qena-s‘,

118 2642 159 2665 XI
182 2634 225 2665 52
249 2634 269 2666 6
290 2633 402 2674 porris
419 2632 484 2674 fila
505 2636 626 2665 resecta
648 2632 730 2664 suis.
778 2632 850 2664 sine
874 2641 978 2663 causa
1001 2631 1099 2663 boum
1122 2630 1299 2663 Bentleius
1322 2630 1482 2671 idemque
1506 2630 1542 2661 in
1565 2630 1660 2661 notis

121 2694 229 2716 manu
254 2685 391 2726 scriptis
419 2683 498 2716 ‘uel
523 2684 641 2716 ouium
666 2683 722 2715 uel
748 2683 877 2721 suurn),
908 2692 1056 2724 quarum
1083 2683 1359 2715 coniecturarum
1385 2682 1489 2713 tertia
1515 2681 1655 2713 minime

122 2735 302 2778 probanda
324 2738 387 2773 est,
408 2736 474 2767 etsi
494 2735 636 2777 Cyprios
659 2735 829 2766 inuenisse
850 2736 895 2766 ὡσ
913 2737 965 2766 καὶ
985 2736 1052 2766 ὑσὶν
1066 2758 1073 2766 .
1090 2758 1097 2766 .
1114 2758 1122 2766 .
1138 2736 1207 2766 ἔστι
1232 2735 1443 2772 μαντεύεσθαι
1466 2733 1656 2765 Pausanias

121 2790 244 2820 auctor
257 2789 310 2819 est
325 2795 363 2819 VI
378 2787 397 2819 2
412 2788 432 2819 5
502 2787 581 2818 Tac.
598 2786 677 2818 hist.
691 2795 719 2818 11
732 2787 751 2819 3
767 2786 950 2818 certissima
957 2785 1061 2827 fides
1077 2784 1253 2817 haedorum
1265 2784 1386 2826 fibris
1454 2783 1516 2814 913
1531 2783 1657 2821 minus,
