1872 3183
596 148 1078 192 ASTRONOMIOON
1108 148 1175 190 IV
1568 151 1587 189 l
1598 152 1616 188 1
1624 151 1648 189 7

278 258 590 314 seminibusque
609 258 694 300 suis
714 263 884 300 tantam
901 272 1151 314 componere
1171 257 1323 300 molem

279 337 323 374 et
341 337 513 388 partum
532 332 636 374 caeli
654 347 730 374 sua
750 347 823 388 per
842 332 1023 374 nutricia
1042 332 1148 374 ferre

155 414 223 445 880
279 411 600 461 extremumque
619 406 737 461 sequi
756 411 937 462 pontum
956 411 1175 461 terraeque
1195 406 1333 448 subire

279 479 501 535 pendentis
521 485 683 522 tractus
703 486 746 522 et
765 485 859 522 toto
878 481 1021 522 uiuere
1039 480 1083 521 in
1102 480 1201 521 orbe

280 558 442 609 quanta
462 559 505 595 et
524 569 621 609 pars
640 560 809 610 superet
828 554 1036 596 rationem
1054 554 1212 596 discere
1231 554 1378 596 noctis.

117 703 188 726 non
217 695 423 727 inuenietur.
472 705 562 737 quae
592 698 772 737 praeterea
802 696 837 727 in
867 695 924 727 illo
955 696 1070 738 eapite
1100 694 1349 728 Gudemannus
1374 694 1589 737 neglegentia
1614 696 1651 725 et

117 745 318 779 confusione
333 746 481 788 deliquit
497 748 662 789 persequi
678 747 819 788 longum
835 750 899 783 est,
917 747 1015 779 uelut
1026 747 1121 788 quod
1134 747 1226 779 Man.
1240 756 1253 778 1
1264 747 1328 778 687
1345 757 1426 784 11011,
1442 746 1502 778 ubi
1515 746 1648 781 debuit,

118 806 151 839 p.
175 797 240 829 652
259 798 302 830 43
323 808 444 829 uerum
464 809 498 840 p.
522 799 584 830 647
608 799 661 836 69,
683 807 726 829 ΙΠ
747 799 812 829 478
832 808 902 830 11011
919 809 952 840 p.
968 799 1028 829 651
1045 798 1087 829 53
1101 809 1221 829 uerum
1235 808 1267 838 p.
1284 799 1348 829 646
1362 799 1404 829 46
1418 797 1559 835 attulit3
1590 796 1650 828 sed

119 859 243 890 operae
265 849 416 890 pretium
439 852 493 881 est
516 849 633 881 uidere
656 849 832 891 quomodo
855 849 984 881 Auson.
1010 850 1074 881 393
1098 850 1141 881 48
1164 853 1200 881 et
1224 850 1302 882 Sen.
1328 859 1381 891 ep.
1402 850 1422 880 5
1440 850 1460 881 3
1478 848 1650 880 enarrarit

117 910 151 941 p.
174 901 238 932 642
258 902 300 932 45
319 903 355 932 et
374 911 406 942 p.
429 901 494 932 646
517 901 556 932 10
647 901 708 932 878
729 900 881 932 mundus
901 900 1077 942 quomodo
1097 911 1140 932 ex
1159 900 1339 932 elementis
1353 900 1423 931 suis
1437 899 1650 931 concreuerit

118 951 241 983 dicere.
289 952 408 984 similis
430 951 472 983 de
496 952 673 994 Leucippo
696 952 943 983 Democritoue
960 952 1072 983 oratio
1094 955 1148 983 est
1171 961 1184 983 1
1207 952 1271 983 486
1289 961 1338 992 sq.
1358 952 1489 983 moenia
1503 948 1644 992 mundi!

117 1002 330 1034 seminibus
352 1003 494 1034 struxit
519 1003 675 1034 minimis
699 1003 800 1043 inque
825 1003 886 1035 illa
910 1002 1068 1040 resoluit;
1109 1002 1189 1034 uide
1213 1003 1319 1034 etiam
1337 1011 1350 1034 1
1371 1003 1432 1034 122
1450 1001 1651 1043 (mundum)

119 1064 157 1085 ex
179 1054 286 1085 nullis
307 1057 503 1095 repetentem
526 1054 656 1086 semina
679 1054 774 1086 rebus
865 1054 927 1085 879
950 1058 1094 1092 partum
1117 1057 1211 1092 ΘΒΜ,
1237 1058 1376 1092 partem
1392 1053 1467 1085 cod.
1487 1053 1651 1085 Venetus.

121 1104 129 1117 ‘
144 1104 322 1143 hominem,
351 1106 411 1146 qui
434 1109 554 1146 partus
580 1105 665 1137 caeti
690 1108 743 1137 est
769 1108 805 1136 et
831 1105 911 1136 inde
937 1105 1089 1146 primum
1115 1105 1183 1136 huc
1209 1105 1389 1142 demissus,
1409 1104 1498 1146 ferre
1512 1115 1573 1145 per
1588 1114 1653 1136 sua

119 1156 278 1194 nutricia,
297 1167 358 1198 per
376 1157 451 1188 loca
470 1156 633 1188 caelestia
651 1156 711 1188 ubi
730 1157 830 1188 initio
848 1156 974 1194 faetus,
994 1156 1176 1194 formatus,
1196 1157 1350 1188 nutritus
1363 1160 1416 1188 est
1430 1157 1438 1169 '
1455 1156 1653 1188 Bentleius:

119 1207 199 1239 uide
215 1208 334 1245 884—7,
351 1208 415 1239 896
430 1218 493 1249 sq.,
509 1209 584 1240 910.
619 1207 767 1239 nutricia
781 1218 844 1249 pro
859 1207 1077 1240 incunabulis
1087 1208 1205 1249 posuit
1220 1208 1312 1239 sicut
1335 1208 1484 1239 Lucretii
1494 1206 1655 1249 exemplo

116 1258 246 1299 pabula
267 1269 329 1300 pro
352 1260 489 1301 pascuis
511 1268 556 1291 111
578 1260 643 1291 654
661 1269 722 1299 per
741 1259 869 1300 pabula
887 1259 972 1290 laeta
1061 1259 1125 1289 880
1139 1262 1286 1297 pontum
1305 1259 1494 1296 Bentleius,
1513 1263 1654 1297 portum

120 1310 199 1342 libri
289 1311 383 1351 sequi
407 1310 556 1342 dicimur
581 1311 687 1341 etiam
713 1320 803 1351 quae
829 1321 899 1342 non
924 1310 1074 1352 fugiunt,
1101 1310 1176 1342 loca
1201 1313 1237 1342 et
1262 1311 1427 1352 regiones,
1453 1320 1533 1341 cum
1551 1310 1596 1341 ad.
1612 1320 1655 1341 ea

119 1361 305 1393 tendimus
354 1362 453 1403 Verg.
474 1362 558 1393 Aen.
580 1371 633 1393 V11
651 1363 714 1394 605
732 1372 781 1403 sq.
802 1362 931 1394 tendere
944 1361 988 1393 ad
1003 1362 1110 1393 Indos
1132 1360 1137 1395 Ι
1157 1371 1376 1402 auroramque
1389 1362 1492 1402 sequi,
1507 1370 1574 1393 VIII
1589 1362 1655 1393 333

114 1412 256 1453 pulsum
273 1413 389 1453 patria
406 1412 581 1454 pelayique
599 1416 740 1444 extrema
757 1416 953 1453 sequentem,
966 1422 1021 1444 ΧΠ
1039 1413 1103 1444 892
1117 1423 1167 1454 sq.
1183 1416 1262 1453 opta
1274 1413 1382 1445 ardua
1396 1413 1518 1453 pinnis
1540 1411 1544 1455 Ι
1564 1415 1656 1444 astra

120 1464 224 1504 sequi,
243 1463 344 1505 Prop.
363 1473 391 1495 Π
409 1465 450 1495 27
468 1466 488 1495 5
504 1474 563 1495 seu
578 1463 723 1504 pedibus
740 1464 883 1495 Parthos
900 1464 1069 1504 sequimur
1083 1474 1142 1495 seu
1155 1464 1259 1495 classe
1276 1464 1469 1501 Britannos,
1484 1463 1565 1495 Luc.
1581 1473 1619 1495 IX
1634 1465 1657 1494 4

119 1515 268 1556 sequitur
285 1525 432 1547 conuexa
453 1515 631 1553 Tonantis,
653 1515 726 1546 Val.
749 1515 798 1546 Fi.
821 1524 834 1546 1
853 1516 872 1545 2
892 1525 941 1556 sq.
964 1515 1128 1547 Phasidis
1147 1525 1223 1547 oras
1244 1513 1248 1558 Ι
1269 1525 1355 1546 ausa
1371 1516 1475 1556 sequi,
1490 1514 1547 1547 Sil.
1564 1524 1577 1547 1
1592 1516 1651 1547 141

121 1567 295 1598 hominum
304 1567 410 1608 finem
428 1567 533 1599 Gadis
550 1567 743 1608 Calpenque
759 1570 900 1604 secutuS,
919 1567 985 1598 Cic.
1005 1567 1050 1598 ad
1066 1567 1142 1598 Att.
1161 1575 1204 1598 111
1223 1568 1263 1598 16
1279 1567 1311 1598 si
1327 1577 1402 1607 spes
1412 1567 1482 1604 erit,
1496 1567 1655 1607 Epirum,

120 1619 152 1650 si
170 1618 295 1656 minus,
315 1618 474 1659 Cyzicum
492 1621 551 1649 aut
568 1618 665 1650 aliud
682 1618 813 1659 aliquid
832 1627 1015 1658 sequemur,
1034 1628 1058 1650 X
1081 1619 1121 1650 18
1141 1619 1160 1649 2
1183 1619 1340 1650 Formias
1358 1628 1448 1650 nunc
1470 1618 1653 1659 sequimur,

120 1669 167 1701 ad
191 1669 274 1701 fam.
300 1678 339 1701 1v
366 1671 386 1701 2
413 1671 434 1700 4
458 1670 546 1710 quod
571 1670 751 1701 consilium
774 1670 811 1700 in
837 1670 995 1707 discessu,
1023 1680 1106 1710 quae
1132 1670 1203 1701 loca
1222 1680 1410 1710 sequamur,
1432 1669 1522 1701 Flor.
1542 1679 1555 1701 1
1573 1670 1613 1701 27
1635 1670 1657 1701 3

119 1721 277 1753 orientem
306 1722 418 1753 secuti.
468 1721 574 1763 paulo
605 1721 705 1753 aliter
734 1721 922 1763 Vergilium
952 1722 1035 1752 Aen.
1068 1730 1106 1752 1v
1135 1722 1197 1753 361
1229 1724 1265 1752 et
1295 1722 1356 1753 381
1394 1722 1486 1762 sequi
1515 1720 1657 1752 Italiam

120 1773 248 1805 dixisse
264 1773 387 1815 colligo
403 1783 446 1804 ex
465 1781 488 1803 v
507 1774 570 1804 629
590 1773 611 1804 I
613 1773 731 1804 taliam
748 1773 918 1813 sequimur
929 1772 1126 1813 fugientem,
1146 1773 1285 1814 Vergilii
1302 1776 1420 1804 autem
1439 1783 1570 1804 memor
1587 1772 1656 1804 fuit

121 1824 267 1857 Ouidius
288 1824 357 1855 her.
381 1833 433 1855 vn
458 1825 497 1855 lO
587 1824 648 1854 881
665 1824 842 1864 pendentis
867 1834 936 1855 acc.
960 1824 1060 1865 plur.¹
1085 1833 1167 1855 nam
1189 1824 1366 1864 pendentis
1391 1827 1494 1855 terrae
1514 1825 1542 1864 (1
1565 1825 1654 1863 195),

122 1885 212 1917 quae
236 1878 314 1907 tota
337 1885 503 1917 suspensa
527 1876 584 1912 sit,
611 1878 745 1907 tractus
770 1875 870 1907 nobis
895 1875 1057 1907 omnibus
1082 1875 1265 1907 domestici
1283 1878 1376 1911 sunt,
1396 1878 1436 1906 ut
1453 1875 1656 1906 definitione

121 1929 247 1968 egeant
265 1927 325 1967 qui
342 1926 397 1957 1110
415 1926 523 1958 subiri
540 1926 705 1958 dicuntur
722 1929 856 1958 tractus
875 1926 999 1957 deuexi
1015 1929 1051 1958 et
1069 1936 1089 1957 a
1107 1926 1206 1957 nobis
1221 1927 1330 1957 auersi
1347 1938 1356 1963 ;
1387 1927 1417 1957 ei
1431 1929 1560 1964 autem,
1575 1936 1653 1958 cum

122 1978 283 2010 deorsum
313 1981 472 2019 spectent
500 1987 612 2018 neque
642 1977 731 2009 infra
761 1987 796 2008 se
826 1978 1013 2018 quicquam
1042 1977 1197 2008 habeant
1227 1980 1366 2018 praeter
1390 1987 1540 2009 uacuum
1563 1987 1655 2013 aera,

121 2030 259 2071 proprie
276 2029 457 2069 pendentes
478 2028 709 2070 appellantur.
759 2028 843 2059 illud
863 2039 934 2060 non
954 2029 1041 2060 satis
1060 2028 1180 2069 liquet,
1196 2031 1314 2060 utrum
1328 2038 1407 2059 cum
1421 2028 1658 2070 supralatione

123 2081 242 2122 aliqua
260 2080 313 2112 his
338 2080 475 2112 duobus
501 2080 657 2111 uersibus
682 2079 919 2121 significentur
939 2079 1095 2111 homines
1120 2079 1299 2112 Oceanum
1324 2080 1541 2121 nauigantes,
1567 2089 1656 2121 quos

123 2132 188 2164 513
207 2141 256 2172 sq.
277 2130 420 2162 scrutari
437 2130 527 2162 dixit
544 2141 673 2162 nouum
690 2131 829 2171 pelaqus
847 2131 965 2162 totius
984 2134 1011 2161 et
1030 2140 1098 2161 esse
1119 2129 1124 2172 1
1144 2129 1247 2161 orbis
1265 2129 1302 2161 in
1317 2129 1471 2170 hospitio,
1487 2141 1531 2161 an
1545 2134 1655 2162 astro-

122 2183 260 2214 nomiae
285 2183 387 2224 periti
413 2185 529 2214 mente
554 2185 590 2213 et
615 2183 827 2223 cogitatione
852 2182 1043 2213 contrarias
1068 2181 1199 2212 telluris
1225 2184 1341 2222 partes
1362 2184 1595 2223 peragrantes,
1616 2185 1658 2213 ut

124 2233 233 2266 simile
249 2234 294 2265 sit
308 2243 321 2265 1
339 2235 379 2265 14
394 2233 545 2265 inmenso
559 2233 761 2274 spatiantem
776 2232 909 2264 uiuere
921 2233 1019 2264 caelo.
1068 2242 1190 2274 specus
1202 2232 1428 2270 subterranei,
1440 2242 1654 2274 quamquam

123 2288 217 2317 recte
233 2284 430 2317 dicerentur
446 2285 606 2326 pendere,
622 2287 663 2316 ut
680 2284 757 2316 Sen.
777 2294 846 2324 n.q.
865 2292 888 2315 v
909 2285 948 2315 15
961 2285 981 2314 4
995 2283 1052 2315 illo
1065 2284 1256 2316 descendere
1268 2283 1346 2315 ausi
1358 2287 1446 2321 sunt,
1460 2283 1519 2315 ubi
1531 2294 1656 2316 nouam

123 2346 234 2368 rerum
256 2335 469 2377 positionem,
496 2339 658 2367 terrarum
681 2335 933 2376 pendentium
960 2334 1092 2366 habitus
1118 2338 1295 2375 uentosque
1309 2345 1371 2376 per
1386 2344 1519 2367 caecum
1535 2335 1657 2367 inanes

125 2387 361 2428 experirentur,
399 2388 514 2419 minus
551 2390 632 2428 apte
657 2390 835 2418 tractuum
865 2387 1005 2418 nomine
1033 2385 1290 2428 appellarentur
1378 2386 1441 2417 882
1468 2390 1612 2425 superet
1626 2387 1656 2423 *,

123 2442 285 2477 superest
300 2442 334 2476 G,
363 2448 470 2477 super
485 2443 540 2471 est
556 2442 623 2475 ΒΜ,
649 2439 738 2469 sicut
756 2438 856 2478 Prop.
878 2446 921 2469 111
940 2439 960 2469 5
982 2439 1023 2469 47
1045 2440 1193 2478 superest
1209 2437 1287 2469 libri
1305 2447 1367 2479 pro
1385 2441 1525 2478 superet,
1549 2437 1651 2471 Ouid.

124 2490 194 2522 her.
221 2498 275 2521 VII
301 2491 363 2521 155
388 2489 475 2530 quod
499 2492 647 2530 superest
672 2489 699 2520 P
724 2499 785 2530 pro
809 2499 906 2530 quem
931 2492 1071 2530 superet,
1096 2489 1186 2521 Stat.
1213 2488 1319 2520 Theb.
1346 2497 1389 2520 111
1414 2490 1433 2521 3
1450 2492 1596 2530 superest
1613 2500 1658 2520 ex

123 2544 257 2582 superet
285 2540 367 2572 fecit
396 2541 497 2573 unius
526 2541 653 2572 codicis
682 2543 854 2572 corrector
942 2543 1076 2572 discere
1099 2544 1158 2579 GL,
1185 2543 1343 2572 discerne
1366 2543 1400 2571 M
1489 2540 1574 2572 ordo
1602 2544 1656 2571 est

125 2595 154 2624 et
166 2592 289 2624 discere
301 2592 473 2629 rationem,
486 2595 612 2632 quanta
622 2602 705 2632 pars
721 2592 826 2623 noctis
842 2594 982 2632 superet,
1000 2594 1057 2630 τὴν
1074 2593 1155 2632 ὥραν
1171 2594 1233 2630 τῆσ
1251 2593 1367 2623 νυκτὸσ
1383 2593 1654 2630 συλλογίσασθαι,

126 2643 244 2685 qualia
268 2642 466 2685 hyperbata
490 2643 610 2684 collegi
635 2642 680 2674 ad
704 2652 718 2674 1
743 2643 787 2674 58
811 2645 848 2674 et
873 2651 915 2674 m
940 2643 979 2674 61
1000 2654 1007 2675 :
1047 2645 1084 2674 et
1107 2642 1302 2685 hyperbato
1327 2645 1364 2674 et
1381 2653 1483 2674 sensu
1499 2643 1656 2684 geminus

124 2697 179 2726 est
203 2694 399 2727 Germanici
416 2704 535 2726 uersus
553 2694 678 2735 phacn.
699 2695 763 2725 573
781 2703 879 2734 saepe
895 2694 993 2731 uelis,
1017 2697 1203 2734 quantum
1226 2696 1395 2734 superet,
1420 2703 1662 2733 coquoscere,

125 2746 262 2778 noctis.
310 2745 412 2777 horas
428 2745 569 2776 diurnas
586 2745 700 2776 solarii
716 2755 792 2787 ope,
809 2748 997 2776 nocturnas
1013 2748 1192 2787 comperta
1208 2745 1287 2776 solis
1303 2745 1339 2776 in
1352 2744 1493 2776 zodiaco
1507 2745 1660 2777 statione

129 2797 302 2839 signorum
323 2799 403 2829 ortu
421 2806 615 2837 occasuque
634 2795 909 2837 distinguebant,
928 2797 1026 2827 cuius
1048 2797 1195 2828 rationis
1221 2796 1409 2838 Sophocles
1434 2795 1655 2828 Palamedem

126 2849 346 2880 inuentorem
361 2847 429 2879 fert
444 2847 529 2889 frag.
548 2848 612 2880 399
628 2848 648 2879 9
659 2857 708 2889 sq.
722 2847 856 2879 Nauck.
869 2847 922 2879 ed.
935 2849 966 2886 2,
978 2847 1102 2879 Αο11111.
1116 2848 1197 2890 isag.
1214 2849 1243 2885 l,
1258 2850 1373 2888 ἐφηῦρε
1385 2848 1411 2879 δ’
1422 2849 1547 2888 ἄστρων
1560 2849 1663 2888 μέτρα,
