1872 3183
210 104 264 143 88
808 106 869 148 M.
903 106 1156 149 MANILII

244 220 313 252 675
369 213 488 265 alter,
510 219 553 257 et
572 215 616 257 in
634 215 799 258 caelum
818 217 1027 272 surgentis
1046 219 1213 260 moenia
1234 220 1360 261 Tauri

369 294 520 344 totque
540 289 658 331 illum
677 290 786 332 circa
806 290 973 333 diuerso
992 293 1162 335 nomine
1181 299 1327 349 gentes

369 363 425 405 ad
444 364 607 406 Tanain
627 365 836 420 Scythicis
855 365 1124 409 dirimentem
1144 368 1342 411 fluctibus
1363 369 1483 411 orbes

211 491 287 524 buc.
310 502 324 525 I
345 494 397 531 66,
416 493 617 526 Scatinauia
638 494 725 526 Plin.
747 494 818 526 n.h.
841 504 878 526 ιν
899 496 952 533 96,
973 495 1178 537 Taprobane
1198 497 1280 529 ibid.
1301 506 1339 529 vr
1359 498 1412 535 81,
1435 497 1605 540 Hispania
1626 497 1749 529 Pacat.

208 554 331 586 paneg.
350 546 371 576 4
387 546 418 583 3,
436 545 583 577 mundus
599 545 681 577 alter
697 545 915 588 Hyperborei
931 547 1058 589 Appul.
1077 551 1159 579 met.
1176 557 1217 580 XI
1232 549 1286 586 24,
1304 549 1419 581 Roma
1436 549 1530 582 Seru.
1550 549 1626 581 buc.
1646 558 1660 581 1
1680 550 1722 581 22
1736 562 1743 587 ;

209 605 424 637 quamquam
440 597 476 628 in
491 597 546 628 his
561 597 733 639 plerisque
749 599 836 630 situs
849 599 958 640 magis
974 609 1015 630 ea
1031 599 1205 631 locutione
1221 610 1328 642 quam
1341 600 1545 642 magnitudo
1561 601 1744 633 indicatur.

208 647 279 678 iam
304 647 421 689 Fayus
447 647 569 679 attulit
595 648 682 680 Iust.
700 657 764 680 XLI
790 650 805 681 l
836 651 850 681 l
878 649 1009 688 Parthi,
1025 661 1128 691 pene-s·
1151 661 1232 691 quos
1252 652 1344 683 uelut
1368 652 1536 684 diuisione
1560 651 1648 684 orbis
1671 662 1750 683 cum

211 698 376 730 Romanis
389 698 483 740 facta
499 709 589 731 nunc
606 700 754 732 Orientis
766 701 948 741 imperium
964 705 1018 733 est.
1067 701 1156 733 adde
1176 702 1263 734 Plin.
1282 703 1352 734 n.h.
1371 713 1491 736 XXXVI
1513 705 1572 735 101
1591 714 1659 735 non
1676 704 1750 735 alia

208 750 404 791 maqnitudo
427 751 687 791 (miraculorum
710 751 805 783 urbis
830 752 977 792 Romae)
1001 757 1130 793 exurqet
1152 764 1252 794 quam
1275 755 1306 786 si
1329 755 1475 787 mundus
1498 755 1588 787 alius
1610 754 1749 796 quidam

209 801 248 832 in
263 811 332 833 uno
348 802 416 833 loco
430 805 584 834 narretur
672 803 735 835 675
755 803 763 815 ‘
775 813 948 844 quaenam
963 804 1031 836 ista
1046 805 1178 836 moenia
1191 807 1204 837 ⁶?
1229 816 1357 847 repono
1373 805 1539 838 culmina'
1559 805 1746 837 Bentleius.

209 852 304 893 quid,
324 852 467 891 malum,
490 853 571 885 licet
593 857 716 895 poetae
739 855 767 885 si
790 855 926 886 moenia
949 856 1122 887 montium
1145 856 1256 888 dicere
1278 867 1348 889 non
1369 857 1480 890 licet?
1516 861 1578 889 aut
1600 858 1660 899 qui
1682 857 1746 889 hoc

207 904 318 946 magis
331 914 437 946 quam
451 904 545 946 apud
559 906 710 946 optimos
724 909 881 938 auctores
896 906 1071 938 Cithaeron
1078 907 1107 938 is
1119 917 1220 946 arces,
1238 908 1357 950 Erycis
1369 919 1458 940 arces
1469 910 1504 940 in
1517 909 1746 951 suspicionem

207 958 353 987 uocetur
369 958 382 988 ἱ)
412 957 448 987 in
465 967 505 987 eo
522 957 725 998 praesertim
742 958 909 999 scriptore
927 958 981 990 cui
998 958 1109 990 multo
1127 959 1345 992 audaciorem
1362 960 1626 992 translationem
1642 969 1666 992 v
1681 961 1751 992 212

208 1007 386 1039 Bentleius
401 1018 472 1039 non
487 1012 645 1049 ereptum
662 1009 713 1046 iit,
730 1008 791 1040 ubi
806 1012 1077 1041 consentaneum
1094 1014 1168 1042 erat
1184 1021 1284 1042 sucus
1299 1022 1361 1053 pro
1377 1013 1516 1052 sanquis
1531 1012 1701 1054 requirere

295 1060 359 1090 676
382 1063 524 1092 diuerso
549 1059 738 1098 Bentleius,
756 1064 870 1093 diuiso
895 1060 983 1098 libri,
1002 1071 1091 1102 quae
1115 1061 1184 1093 duo
1208 1062 1314 1094 uerba
1337 1064 1466 1104 passim
1489 1066 1746 1105 permutantur,

208 1110 307 1142 uelut
330 1120 359 1142 11
382 1112 436 1148 91,
461 1120 505 1142 111
529 1112 604 1148 544,
629 1111 696 1143 Cic.
722 1111 847 1153 phaen.
873 1113 948 1149 268,
975 1112 1063 1144 Stat.
1089 1113 1173 1145 Ach.
1200 1123 1214 1145 I
1236 1114 1312 1151 200,
1328 1115 1402 1146 374.
1450 1115 1486 1146 in
1509 1115 1583 1146 Liu.
1606 1124 1645 1146 VI
1667 1116 1707 1147 31
1726 1117 1746 1146 5

206 1162 426 1202 leqionibus
450 1163 551 1194 nouis
572 1163 707 1203 scriptis
726 1164 856 1203 placuit
877 1164 960 1195 duos
981 1165 1139 1196 exercitus
1159 1166 1198 1197 in
1217 1176 1335 1206 ayrum
1357 1166 1510 1198 Volscum
1533 1166 1748 1206 leqionibus

206 1213 359 1244 diuisis
376 1213 455 1245 duci
471 1213 692 1245 scribendum
710 1214 859 1246 arbitror
875 1215 1064 1255 reqiom'bus
1081 1216 1234 1254 diuersis,
1249 1219 1412 1248 secuntur
1428 1218 1520 1248 enim
1536 1217 1596 1258 Sp.
1619 1217 1752 1249 Furius

207 1264 260 1296 M.
286 1265 453 1296 Horatius
478 1265 665 1297 dextrorsus
690 1266 729 1297 in
753 1266 959 1298 maritimam
985 1277 1077 1299 oram
1102 1271 1198 1308 atque
1223 1268 1379 1306 Antium,
1399 1268 1436 1307 Q.
1458 1268 1628 1300 Seruilius
1653 1272 1681 1300 et
1706 1269 1744 1300 L.

205 1316 374 1357 Geqam'us
399 1317 497 1348 laeua
520 1317 564 1348 ad
588 1320 714 1348 montes
741 1317 893 1349 Ecetram
914 1322 1057 1359 perqunt
1147 1319 1261 1352 Strab.
1287 1329 1328 1351 XI
1346 1330 1379 1361 p.
1401 1321 1467 1352 490
1492 1322 1507 1352 ό
1532 1323 1596 1361 ’γὰρ
1621 1323 1747 1361 Ταῦροο-

202 1370 304 1407 μέσην
329 1381 402 1400 πωσ
426 1371 552 1407 &esame
581 1372 699 1408 ταύτην
729 1371 785 1408 τὴν
815 1373 944 1410 ἤπειρον
972 1373 1036 1402 ἀπὸ
1064 1373 1126 1410 τῆο·
1157 1374 1298 1412 ἑσπέρασ
1325 1374 1378 1404 ἐπὶ
1401 1374 1458 1410 τὴν
1488 1375 1528 1404 ἕω
1555 1374 1743 1412 τεταμένοσ,

205 1419 293 1451 Plin.
331 1420 401 1451 n.h.
440 1428 464 1451 v
498 1421 540 1452 97
580 1421 717 1452 Taurus
752 1431 872 1452 mons.
894 1422 1122 1453 ..inmensus
1153 1423 1225 1463 ipse
1257 1427 1285 1454 et
1315 1423 1569 1456 innumerarum
1599 1424 1745 1464 ⁸centium

205 1471 337 1509 arbiter,
369 1472 412 1504 99
440 1472 603 1512 plurimi-s
634 1482 668 1503 se
698 1473 845 1512 qentium
876 1473 1070 1505 nominibus
1100 1474 1177 1506 hinc
1209 1478 1237 1506 et
1267 1475 1363 1506 illinc
1393 1475 1508 1516 implet
1595 1476 1749 1508 677-680

204 1522 318 1556 Strab.
350 1532 378 1554 Π
406 1534 438 1564 p.
473 1524 536 1555 129
564 1526 629 1556 ἀπὸ
658 1526 691 1556 δὲ
718 1527 774 1556 τοῦ
802 1526 960 1557 Τανάιδοσ
989 1529 1041 1557 καὶ
1067 1529 1130 1565 τῆσ
1158 1529 1344 1558 Maiam-⁶500
1372 1530 1434 1565 τῆσ
1462 1528 1580 1559 Ἀσίασ
1608 1529 1677 1559 ἐστὶ
1705 1529 1745 1559 τὰ

202 1577 297 1607 ἑντὸσ
322 1578 378 1607 τοῦ
404 1578 524 1616 Ταύρου
552 1579 685 1616 συνεχῆ,
716 1580 844 1608 ‘roureio’
874 1577 900 1608 δ’
930 1579 1006 1616 ἑξῆσ·
1033 1580 1074 1608 τὰ
1103 1581 1207 1610 ἐκτόσ.
1259 1579 1318 1619 qui
1339 1578 1417 1610 Nilo
1437 1578 1577 1610 flumine
1598 1578 1746 1620 Libyam

205 1626 250 1658 ab
275 1626 358 1658 Asia
385 1626 635 1664 discreuerunt,
662 1627 756 1668 quod
781 1627 962 1660 Manilium
987 1628 1099 1660 facere
1125 1629 1275 1661 uidimus
1306 1641 1362 1661 uu.
1395 1631 1469 1667 601,
1500 1631 1564 1662 626
1590 1640 1653 1671 sq„
1682 1631 1745 1662 670

204 1688 268 1719 sq„
304 1677 433 1709 eisdem
467 1677 569 1709 Asiae
603 1678 831 1719 Europaeque
865 1680 941 1711 finis
982 1679 1129 1711 alterum
1170 1679 1298 1712 fiumen
1339 1681 1465 1712 Tanais
1506 1681 1584 1719 fuit,
1622 1681 1743 1723 Polyb.

205 1738 248 1760 ΠΙ
273 1730 313 1761 37
341 1730 417 1766 3-5,
444 1728 558 1761 Strab.
588 1738 615 1760 11
639 1740 672 1770 p.
699 1731 771 1766 129,
793 1739 846 1761 VII
871 1741 903 1771 p.
930 1732 1005 1767 310,
1032 1731 1121 1772 Scyl.
1151 1732 1203 1769 68,
1230 1731 1332 1763 Dion.
1360 1733 1482 1773 perieg.
1514 1733 1564 1769 14,
1592 1733 1656 1764 660
1680 1742 1747 1773 sq.,

203 1779 281 1811 Mel.
297 1789 310 1810 1
328 1781 358 1817 8,
376 1781 427 1817 15,
446 1779 532 1810 Plin.
553 1780 623 1812 n.h.
640 1789 683 1811 III
700 1781 730 1817 3,
750 1790 787 1811 IV
803 1782 856 1819 78,
870 1790 893 1811 v
906 1783 959 1819 47,
975 1782 1076 1813 Mart.
1092 1782 1174 1824 Cap.
1190 1784 1254 1822 V1§
1271 1783 1344 1814 626.
1388 1783 1636 1815 Eratosthenes
1651 1783 1746 1825 apud

205 1831 413 1864 Strabonem
437 1840 451 1862 Ι
467 1841 500 1872 p.
522 1832 563 1862 65
589 1834 661 1870 περὶ
685 1834 748 1863 τῶν
773 1835 911 1874 ἠπείρων
937 1834 1023 1864 dicit
1048 1837 1216 1874 ’γεγονέναι
1243 1837 1343 1866 πολὺν
1369 1837 1479 1876 λόγον,
1509 1838 1561 1867 καὶ
1586 1838 1663 1867 ‘roim'
1686 1837 1745 1874 μὲν

201 1886 274 1915 τοῖσ
295 1885 455 1922 ποταμοῖσ
479 1885 607 1923 διαιρεῖν
630 1886 745 1921 αὐτὰσ,
769 1885 813 1924 τῷ
837 1898 872 1916 τε
898 1887 1003 1925 Νείλῳ
1029 1889 1080 1917 καὶ
1105 1886 1150 1926 τῷ
1174 1888 1316 1924 Τανάιόι,
1343 1888 1461 1925 νήσουσ-
1486 1888 1744 1927 ἀποφαίνοντασ,

202 1937 280 1967 τοῦσ
298 1937 331 1967 δὲ
346 1937 418 1966 τοῖσ
435 1937 575 1974 ἰσθμοῖσ,
594 1934 638 1975 τῷ
657 1949 691 1967 τε
707 1939 824 1975 μεταξὺ
841 1939 902 1975 τῆσ
924 1939 1083 1970 Κασπίασ
1100 1941 1151 1969 καὶ
1167 1941 1229 1977 τῆσ
1253 1941 1418 1977 Ποντικῆσ
1439 1940 1613 1978 θαλάσσηο·
1633 1941 1685 1971 καὶ
1700 1935 1747 1979 τῷ

203 1989 320 2026 μεταξὺ
335 1989 398 2026 τῆο·
415 1987 573 2027 Ἐρυθρᾶσ
591 1989 642 2019 καὶ
655 1990 711 2019 τοῦ
728 1989 970 2029 Ἐκρήγματοσ,
989 1992 1123 2021 ‘rozi-roro
1142 1992 1174 2021 δὲ
1191 1992 1408 2031 χερρονήσουσ
1421 1993 1524 2022 αι”τὰσ
1539 1993 1646 2031 λέγειν

247 2038 310 2070 677
328 2042 373 2071 ad
393 2037 488 2069 Voss.
509 2039 585 2075 390,
603 2042 653 2076 at,
673 2039 767 2079 quod
784 2039 875 2071 idem
893 2043 956 2077 est,
974 2044 1044 2078 LM,
1061 2051 1102 2073 ac
1120 2041 1185 2073 GL2
1272 2045 1410 2074 tanaim
1428 2041 1587 2083 Scaliger,
1604 2045 1746 2074 tantam

203 2094 261 2122 LM
281 2089 355 2121 cod.
377 2089 541 2127 Venetus,
559 2094 702 2122 tantum
721 2090 786 2122 GL2
803 2103 810 2122 ε
842 2091 944 2133 Prop.
967 2101 995 2123 Π
1013 2093 1056 2124 30
1074 2093 1094 2123 2
1114 2093 1235 2124 tanain
1253 2092 1297 2130 N,
1317 2093 1446 2125 tanaim
1464 2093 1505 2131 V,
1525 2096 1653 2125 tantam
1671 2092 1745 2125 DF.

206 2141 249 2173 de
269 2141 382 2173 forma
400 2141 591 2173 accusatiui
605 2141 678 2173 dixi
696 2142 740 2173 ad
760 2143 823 2174 605
912 2147 1080 2183 scythicis
1106 2144 1293 2181 Bentleiua
1312 2148 1489 2184 scythicas
1506 2144 1584 2176 libri
1604 2147 1752 2186 propter

207 2193 294 2224 circa
311 2217 318 2223 .
338 2217 345 2223 .
365 2216 372 2223 .
391 2195 508 2232 uenies·
557 2192 634 2224 Vib.
665 2192 767 2234 sequ.
797 2204 908 2235 geogr.
938 2194 1014 2226 Lat.
1045 2195 1127 2226 min.
1157 2195 1248 2227 Ries.
1277 2206 1310 2237 p.
1343 2197 1402 2227 151
1435 2195 1566 2227 Tanais
1592 2195 1748 2236 Scythiae

206 2244 329 2275 Asiam
349 2243 389 2274 ab
413 2243 553 2284 Europa
573 2244 708 2282 diuidit,
730 2244 814 2276 Hor.
838 2256 941 2277 carm.
965 2255 1009 2277 ΠΙ
1028 2247 1049 2277 4
1070 2247 1112 2278 36
1132 2246 1323 2287 Scythicum
1340 2271 1347 2278 .
1367 2271 1374 2278 .
1393 2271 1401 2278 .
1420 2257 1562 2284 amnem,
1584 2247 1644 2279 ubi
1664 2247 1745 2279 Por-

206 2295 330 2337 phyrio
349 2295 488 2326 Tanain
502 2295 636 2326 uidetur
650 2296 848 2337 siqriificare,
865 2297 976 2338 Apoll.
994 2297 1063 2330 sid.
1081 2308 1185 2329 carm.
1203 2307 1227 2329 v
1241 2299 1306 2330 479
1321 2297 1494 2339 Scythicae
1504 2301 1600 2339 potor
1617 2298 1747 2330 Tanai-

206 2347 293 2379 ticus
304 2346 414 2378 undae
498 2351 600 2379 orbes
612 2351 684 2384 ΕΜ,
696 2351 814 2380 orbem
828 2348 902 2380 cod.
917 2349 1082 2387 Venetus,
1094 2353 1200 2382 urbes
1213 2353 1237 2382 G
1249 2352 1392 2391 propter
1402 2349 1574 2390 Scythicas
1659 2360 1748 2391 quas

208 2397 388 2430 Bentleius
402 2397 515 2429 nullas
530 2408 602 2429 esse
617 2398 753 2430 dixerat
768 2398 948 2441 Scythicas
963 2400 1075 2438 urbes,
1087 2411 1145 2432 eas
1160 2411 1194 2432 se
1210 2401 1350 2432 Ellisius
1361 2400 1578 2442 prolaturum
1592 2401 1748 2433 minatur

207 2460 251 2481 ex
276 2449 368 2490 Scyl.
391 2449 510 2490 peripl.
537 2450 590 2487 69,
615 2449 747 2491 profert
770 2460 850 2482 uero
876 2461 919 2482 ex
945 2452 987 2483 68
1013 2454 1125 2484 πόλεισ
1149 2453 1358 2490 Ἐλληνίδασ.
1405 2462 1468 2483 nec
1488 2455 1608 2484 tamen
1627 2452 1748 2493 ignoro

207 2500 384 2532 Valerium
403 2500 567 2532 Flaccum
586 2501 791 2533 Colchorum
811 2502 931 2534 urbem
951 2502 1140 2544 Scythicam
1159 2503 1348 2545 appellasse
1368 2512 1391 2534 v
1410 2504 1486 2541 325,
1501 2504 1590 2536 sicut
1608 2503 1748 2545 Scythi-

209 2562 289 2584 cum
315 2551 444 2583 Phasin
469 2561 484 2583 I
508 2553 538 2583 2.
587 2552 677 2584 orbes
701 2556 806 2594 poeta
831 2553 916 2586 dicit
947 2557 1112 2596 ἡπείρουσ,
1139 2558 1180 2587 ut
1212 2555 1380 2596 Vergilius
1413 2555 1497 2586 Aen.
1525 2564 1579 2586 vn
1603 2556 1667 2587 223
1693 2564 1745 2596 sq.

209 2603 330 2645 quibus
351 2607 445 2634 actus
465 2606 598 2644 uterque
619 2603 623 2647 Ι
647 2604 804 2645 Europae
825 2608 920 2646 atque
938 2606 1042 2637 Asiae
1057 2605 1145 2647 fatis
1161 2607 1359 2638 concurrerit
1379 2606 1467 2638 orbis
1487 2609 1524 2638 et
1545 2606 1620 2638 loco
1642 2606 1745 2637 huius

211 2655 386 2686 simillimo
426 2654 587 2686 Lucanus
626 2664 670 2686 111
708 2656 818 2688 273—ss
860 2657 1010 2688 Tanais
1048 2657 1198 2689 diuersi
1235 2657 1376 2689 nomina
1415 2657 1550 2690 mundi
1570 2656 1575 2700 Ι
1595 2657 1748 2698 inposuit

210 2706 308 2746 ripis,
326 2706 514 2746 Asiaeque
530 2709 559 2737 et
574 2706 735 2738 terminus
751 2707 837 2739 idem
860 2706 865 2750 Ι
887 2707 1076 2749 Europae,
1095 2708 1223 2740 mediae
1245 2708 1408 2740 dirimens
1431 2708 1580 2750 confinia
1603 2711 1716 2745 terrae,
1736 2706 1742 2750 Ι

209 2767 300 2788 nunc
318 2756 416 2787 hunc
433 2767 523 2787 nuno
541 2757 663 2794 illum,
681 2767 746 2798 qua
758 2758 917 2799 flectitur,
937 2759 1081 2799 ampliat
1097 2759 1229 2796 orbem,
1247 2759 1307 2791 ubi
1326 2759 1546 2791 Burmannus
1563 2761 1599 2790 et
1617 2758 1747 2790 Hosius

209 2809 327 2850 inepte
345 2807 542 2840 maluerunt
560 2808 707 2840 alteram
724 2809 933 2851 scripturam
955 2820 1045 2842 nunc
1063 2810 1125 2842 huc
1142 2820 1231 2842 nunc
1252 2810 1343 2848 illuc,
1363 2811 1462 2851 quasi
1479 2810 1590 2841 amnis
1611 2819 1646 2841 se
1666 2809 1748 2842 flec-
