1872 3183
222 117 277 156 86
811 114 871 156 M.
905 114 1158 156 MANILII

382 224 524 266 obruit
544 230 587 267 et
606 225 787 280 Libyam
806 225 952 268 Latias
971 226 1130 268 infudit
1148 226 1192 267 in
1211 226 1348 268 urbes.

382 299 464 341 huc
483 300 623 341 uarias
642 305 782 355 pestes
802 300 1052 355 diuersaque
1072 307 1262 343 monstra
1282 301 1468 343 ferarum

381 373 591 429 congessit
610 374 728 416 bellis
747 380 902 416 natura
921 375 1076 416 infesta
1096 375 1265 417 futuris.

381 447 610 490 horrendos
630 462 787 504 angues
807 449 1087 504 habitataque
1107 449 1297 491 membra
1316 463 1481 492 ueneno

256 529 325 560 665
382 527 425 563 et
444 522 592 564 mortis
611 528 739 578 pastu
758 523 962 573 uiuentia,
983 524 1159 565 crimina
1179 529 1328 574 terrae,

218 702 354 743 Τρεβίαν
373 701 563 733 masculino
587 711 710 743 genere
728 705 897 743 quattuor
914 702 985 735 Silii
1002 702 1096 741 locis,
1124 713 1193 735 uno
1211 703 1312 735 Plinii
1330 704 1483 745 positum
1506 701 1611 734 refert
1628 701 1762 733 Neuius

219 761 232 783 1
249 763 281 794 p.
300 753 365 785 956
382 752 435 785 ed.
454 753 486 791 3,
503 752 670 785 feminino
681 756 818 795 praeter
833 753 926 786 hunc
943 764 1082 786 uersum
1098 764 1285 796 nusquam,
1303 754 1363 786 ubi
1380 754 1516 786 tribiam
1532 753 1617 785 deae
1632 762 1762 784 nomen

220 803 329 835 uideri
354 804 480 845 potuit.
530 804 839 836 homoeoteleuton
864 815 958 842 uero,
985 805 1079 846 quod
1105 805 1282 837 Bentleius
1307 809 1482 843 causatur,
1502 804 1664 836 Manilius
1689 813 1762 834 non

219 855 370 897 refugit:
403 855 482 887 uide
501 855 604 887 modo
623 855 725 887 huius
738 856 815 888 libri
834 867 953 888 uersus
974 857 1035 888 187
1054 856 1183 888 subitas
1200 857 1282 895 iras,
1301 858 1378 895 326,
1396 858 1473 894 410,
1492 857 1568 894 475,
1587 856 1664 893 496,
1683 855 1764 892 581,

220 907 296 945 859,
322 908 397 945 907,
424 908 499 939 920.
548 907 650 939 Silius
666 916 706 939 XI
726 909 788 940 140
806 918 854 950 sq.
876 912 913 939 ut
933 908 1072 940 Trebiae
1092 908 1188 949 ripas
1205 912 1335 940 aeterno
1351 909 1486 940 nomine
1497 907 1613 949 famae
1634 905 1639 950 Ι
1659 905 1763 938 tradi-

218 959 302 990 derit
391 969 522 991 cannas
544 959 619 997 GL2‚
640 969 747 992 canas
767 963 825 992 ΒΜ
915 961 976 991 661
998 964 1130 1000 libyam
1151 964 1174 992 L
1195 963 1230 992 et
1255 970 1298 992 ex
1319 970 1403 992 corr.
1431 964 1476 998 M,
1497 963 1619 998 libyan
1639 963 1665 991 G
1685 957 1763 990 cod.

220 1011 373 1042 Venetus
395 1014 431 1043 et
453 1014 534 1043 ante
556 1021 641 1043 corr.
664 1015 710 1049 M,
729 1011 858 1052 Libyen
880 1011 996 1044 Carrio
1019 1012 1154 1054 antiqu.
1178 1011 1256 1043 lect.
1277 1022 1310 1053 p.
1333 1012 1372 1044 13
1395 1022 1450 1043 an.
1477 1012 1561 1043 1576
1653 1013 1763 1042 latias

220 1062 248 1094 I.
277 1062 418 1094 Vossius
445 1065 534 1094 teste
560 1062 751 1095 Schradero
778 1063 850 1095 obs.
880 1073 907 1095 e.
939 1064 970 1101 7,
998 1067 1106 1096 italas
1133 1067 1217 1096 GLM
1244 1064 1466 1105 transpositis
1493 1063 1630 1100 litteris,
1661 1062 1765 1094 metri

218 1123 325 1145 causa
344 1117 487 1146 italicas
508 1113 556 1152 L‘2,
579 1114 681 1156 plane
703 1118 744 1146 ut
765 1123 803 1146 1v
825 1116 867 1146 43
958 1114 1090 1156 Libyan
1107 1125 1170 1146 nec
1193 1115 1359 1147 Latinum
1376 1118 1430 1146 est
1450 1124 1513 1146 nec
1535 1113 1674 1146 Graecis
1695 1113 1763 1145 usi-

219 1168 357 1203 tatum3
388 1165 517 1206 Libyen
537 1175 607 1197 non
630 1165 897 1197 commendatur
918 1169 1044 1207 poetae
1065 1166 1328 1204 consuetudine,
1351 1176 1455 1207 quem
1476 1174 1514 1197 IV
1535 1166 1600 1198 598
1620 1164 1764 1205 Libyam

217 1217 393 1258 scripsisse
406 1216 496 1255 libri,
509 1218 574 1249 779
587 1217 731 1258 Libyam
745 1217 951 1258 Aeyyptique
971 1217 1060 1249 latus
1074 1218 1181 1249 etiam
1195 1218 1330 1249 numeri
1344 1220 1531 1255 testantur,
1546 1216 1765 1257 eundemque

221 1268 347 1300 Latino
365 1269 461 1300 exitu
483 1268 623 1309 Europa
640 1272 723 1300 tenet
741 1269 814 1301 681.
864 1279 1079 1310 quamquam
1097 1269 1199 1302 Silius
1213 1269 1309 1301 illam
1325 1279 1447 1301 uocem
1463 1271 1612 1310 utraque
1629 1268 1765 1299 ratione

220 1319 366 1358 flexisse,
386 1319 489 1360 Libye
507 1320 639 1361 Libyes,
658 1320 803 1361 Libyam
821 1320 957 1361 Libyae,
973 1321 1074 1352 metri
1095 1321 1222 1353 indicio
1242 1321 1472 1358 conuincitur,
1492 1320 1584 1352 sicut
1601 1319 1764 1351 Manilius

219 1372 293 1413 ipse
311 1371 415 1403 modo
434 1372 526 1403 Crete
542 1371 646 1403 modo
661 1372 759 1404 Creta
774 1372 940 1414 posuisse.
989 1372 1108 1404 Latias
1122 1373 1217 1404 urbes
1231 1372 1305 1404 Val.
1325 1372 1375 1404 Fl.
1394 1381 1408 1404 Ι
1424 1373 1478 1409 21,
1495 1371 1598 1403 Mart.
1617 1379 1656 1403 VI
1672 1371 1715 1402 58
1732 1371 1764 1408 9,

222 1422 318 1454 urbes
335 1423 429 1455 Latii
448 1423 529 1455 Luc.
552 1432 581 1455 11
601 1424 676 1461 447,
691 1423 774 1455 ibid.
791 1433 828 1455 rv
848 1424 911 1456 657
932 1434 981 1465 sq.
1004 1424 1156 1456 Poenum
1174 1424 1234 1465 qui
1253 1424 1366 1456 Latiis
1384 1423 1556 1455 reuocauit
1574 1422 1614 1454 ab
1633 1421 1767 1454 arcibus

221 1475 343 1506 hostem
365 1473 370 1517 Ι
388 1475 526 1515 Scipio:
560 1485 603 1506 ex
624 1474 735 1506 altera
756 1478 856 1517 parte
877 1485 1016 1517 appono
1037 1475 1121 1507 Hor.
1142 1486 1248 1507 carm.
1271 1484 1309 1507 IV
1329 1477 1350 1507 4
1370 1476 1458 1506 42-4
1478 1475 1573 1506 dirus
1589 1483 1651 1515 per
1670 1472 1767 1505 urbes

222 1525 304 1567 Aser
341 1529 378 1557 ut
417 1526 525 1557 Italas
542 1550 550 1557 .
571 1550 577 1555 .
597 1550 604 1557 .
625 1527 788 1567 equitauz‘t
877 1530 1009 1559 infudit
1046 1527 1123 1565 ΘΕΖ,
1160 1530 1318 1559 infundit
1355 1531 1390 1564 L,
1426 1530 1566 1559 insudet
1601 1529 1636 1558 M

264 1577 415 1609 662—669
440 1577 653 1609 simillimum
678 1577 862 1610 Strabonis
885 1577 1001 1610 locum
1024 1586 1105 1610 xvn
1128 1588 1161 1620 p.
1189 1579 1252 1610 827
1278 1578 1400 1609 attulit
1425 1577 1488 1609 Ed.
1514 1576 1698 1608 Muellerus
1723 1575 1766 1607 de

221 1628 335 1661 Posid.
362 1628 454 1660 Man.
482 1631 573 1660 auct.
600 1639 633 1670 p.
661 1630 715 1666 24,
740 1632 793 1661 καὶ
822 1631 1028 1670 δρακόντων
1060 1632 1093 1662 δὲ
1122 1632 1174 1661 καὶ
1203 1632 1416 1670 ἐλεφάντων
1447 1632 1499 1661 καὶ
1525 1630 1685 1670 δορκάδων
1713 1630 1766 1659 καὶ

219 1683 390 1722 βουβάλων
424 1683 475 1712 καὶ
507 1683 569 1712 τῶν
603 1682 838 1722 παραπλησίων
870 1680 968 1721 ζῴων,
1004 1683 1162 1714 λεόντων
1195 1684 1230 1714 τὲ
1263 1684 1314 1713 καὶ
1350 1683 1539 1722 παρδάλεων
1572 1681 1766 1718 παντοδαπὴ

220 1734 343 1773 τροφὸσ
368 1734 388 1771 ἠ
412 1734 501 1773 χώρα
523 1731 766 1774 (Mauritania)
785 1734 862 1764 ἐστί.
911 1735 998 1774 φέρει
1020 1735 1054 1764 δέ
1075 1736 1127 1765 καὶ
1146 1735 1257 1773 ’γαλᾶσ
1276 1757 1283 1764 .
1303 1757 1311 1764 .
1331 1756 1338 1764 .
1360 1735 1522 1771 πιθήκων
1547 1745 1583 1763 τε
1609 1733 1766 1770 πάμπολυ

222 1786 361 1823 πλῆθοσ,
406 1786 478 1824 περὶ
519 1786 560 1815 ὧν
601 1786 653 1815 καὶ
706 1785 924 1816 Ποσειδώνιοσ
970 1786 1084 1825 εἴρηκε,
1133 1784 1141 1797 ‘
1155 1784 1247 1816 unde
1261 1784 1269 1798 ’
1315 1784 1431 1825 inquit
1479 1789 1488 1802 ‘
1502 1783 1683 1815 Manilium
1729 1783 1767 1814 in

222 1835 334 1876 Libya
362 1834 587 1866 describenda
616 1834 840 1867 Posidonium
868 1835 1066 1867 adhibuisse
1095 1835 1254 1868 uidemus
1269 1835 1289 1867 ’.
1338 1835 1490 1873 scilicet3
1532 1845 1645 1876 neque
1672 1835 1766 1866 enim

221 1886 408 1928 ignobilem
443 1886 646 1927 scriptorem
680 1885 902 1918 Herodotum
934 1889 997 1918 aut
1030 1886 1173 1918 Manilio
1207 1889 1270 1918 aut
1303 1886 1466 1919 Straboni
1498 1886 1628 1918 lectum
1661 1885 1767 1917 fuisse

221 1938 407 1978 quisquam
429 1937 556 1975 credet,
578 1940 619 1969 ut
638 1937 778 1979 ineptus
795 1938 841 1969 sit
862 1938 921 1979 qui
942 1948 985 1969 ex
1006 1939 1079 1970 eius
1100 1938 1188 1970 libro
1209 1947 1248 1970 1v
1268 1938 1353 1970 haec
1375 1937 1509 1970 adferre
1529 1940 1637 1975 curet,
1662 1937 1722 1969 191
1745 1939 1767 1968 4

221 1991 250 2020 οἱ
267 1991 373 2029 ὄφιεσ
396 1991 424 2020 οἱ
442 1990 682 2029 ὑπερμεγάθεεσ
704 1991 756 2020 καὶ
776 1992 804 2020 οἱ
825 1991 980 2021 λέοντεσ
1001 1993 1084 2021 κατὰ
1107 1993 1241 2022 τούτουσ
1260 1992 1350 2029 (rosta
1366 1992 1528 2031 ἀροτῆρασ
1544 1991 1685 2030 Λίβυασ)
1704 1991 1766 2021 εἰσὶ

223 2045 275 2075 καὶ
299 2046 326 2074 οἱ
352 2045 563 2082 ἐλέφαντεσ
580 2066 587 2073 .
608 2066 616 2073 .
637 2066 644 2073 .
664 2045 717 2074 καὶ
743 2045 913 2082 ἀσπίδεσ,
939 2044 1002 2075 192
1034 2046 1115 2075 κατὰ
1143 2046 1221 2076 rocta
1246 2046 1391 2083 νομάδασ
1410 2046 1444 2075 δὲ
1461 2067 1469 2075 .
1489 2067 1497 2074 .
1517 2067 1525 2074 .
1543 2044 1696 2085 ζορκάδεσ
1714 2045 1767 2075 καὶ

221 2097 399 2136 βουβάλιεσ
418 2118 425 2125 .
446 2117 454 2125 .
475 2117 482 2125 .
503 2097 555 2126 καὶ
605 2097 770 2135 πάνθηρεσ
788 2118 795 2125 .
816 2118 823 2125 .
846 2118 853 2125 .
873 2097 935 2127 εἰσὶ
986 2097 1019 2127 δὲ
1069 2098 1122 2127 καὶ
1161 2098 1273 2136 Ὑαλαΐ,
1317 2096 1383 2127 194
1425 2097 1550 2127 πάντεσ
1598 2097 1683 2127 οὗτοι
1700 2118 1708 2126 .
1728 2117 1736 2125 .
1757 2117 1765 2125 .

223 2148 561 2186 πιθηκοφαγέουσι·
587 2149 614 2177 οἱ
633 2148 667 2178 δέ
691 2152 749 2187 σφι
774 2148 908 2186 ἄφθονοι
930 2149 997 2179 ὅσοι
1019 2150 1052 2178 ἐν
1073 2149 1156 2179 τοῖσι
1179 2150 1263 2189 ὄρεσι
1285 2149 1431 2187 ’γίνονται
1518 2147 1582 2178 662
1597 2150 1665 2178 huc
1682 2149 1767 2178 GLM

221 2197 297 2230 cod.
325 2197 489 2235 Venetus,
514 2200 595 2229 huic
624 2197 660 2229 L2
750 2203 869 2237 pestes
894 2202 954 2236 GL,
983 2201 1096 2237 pisces
1128 2202 1162 2230 Μ
1252 2198 1315 2230 663
1340 2201 1517 2237 congessit
1530 2200 1563 2236 ἦ,
1593 2201 1767 2230 concessit

223 2249 311 2281 libri.
370 2249 469 2290 Verg.
501 2248 585 2280 Aen.
618 2258 646 2280 11
679 2249 787 2281 763-5
817 2249 879 2281 huc
908 2250 1056 2291 undique
1085 2250 1206 2282 Troica
1233 2260 1315 2291 yaza
1332 2274 1339 2281 .
1360 2250 1612 2290 ..captiuaque
1636 2250 1764 2292 uestisff

223 2301 419 2340 conyeritur,
466 2300 540 2332 Val.
590 2299 640 2332 Fl.
688 2309 726 2332 rv
773 2302 837 2333 717
885 2301 947 2333 huc
992 2305 1105 2333 uastos
1150 2302 1246 2333 tellus
1288 2312 1416 2342 quoque
1456 2302 1599 2341 conyerit
1638 2311 1764 2333 amnes.

225 2352 380 2384 Breitero
404 2355 441 2383 et
465 2351 728 2393 Wagem’ngeno
753 2352 815 2384 huc
839 2356 948 2393 pestes
968 2354 1125 2385 concessit
1142 2353 1308 2385 Latinum
1335 2353 1448 2384 uisum
1473 2356 1549 2390 est3
1587 2353 1767 2394 peritiores

224 2403 302 2435 huic
323 2402 545 2435 adsciscendo
565 2413 639 2435 non
653 2406 773 2435 tamen
793 2403 950 2436 efficiunt
970 2408 1012 2436 ut
1033 2407 1115 2446 apte
1135 2407 1251 2446 pestes
1268 2407 1492 2445 monstraque
1512 2403 1615 2436 alicui
1635 2404 1768 2436 concedi

223 2453 387 2486 dicantur
476 2453 570 2485 bellis
593 2453 717 2495 infesta
733 2454 875 2495 futuri-3,
900 2455 948 2486 ibi
973 2454 1151 2487 bellaturis
1175 2454 1396 2492 exercitibus,
1415 2455 1618 2496 praesertim
1641 2454 1767 2496 Reguli

223 2505 269 2537 ad
284 2504 492 2546 Bagradam,
510 2505 678 2547 Ophellae
691 2508 727 2537 et
738 2505 878 2538 Catonis
890 2506 1011 2548 Syrtes
1025 2507 1317 2538 circumeuntium
1331 2519 1340 2544 ;
1358 2506 1447 2538 adde
1460 2506 1539 2538 Sall.
1555 2506 1630 2548 Iug.
1647 2507 1689 2538 89
1701 2508 1722 2538 5

312 2559 377 2590 664
395 2558 558 2597 habitata,
577 2559 655 2590 uide
673 2559 718 2590 ad
734 2568 748 2591 1
764 2560 806 2591 75
895 2560 958 2592 665
980 2565 1087 2600 pastu
1111 2560 1299 2598 Bentleius„
1321 2565 1429 2599 partu
1449 2560 1537 2592 libri.
1588 2560 1596 2573 ‘
1610 2560 1768 2592 uiuentia

226 2614 331 2652 pastu
367 2619 619 2642 uenenosarum
656 2610 852 2649 herbarum,
889 2621 979 2653 quae
1016 2611 1090 2644 aliis
1133 2611 1342 2644 animalibus
1378 2615 1526 2644 mortem
1561 2611 1728 2643 inferrent
1743 2611 1763 2643 ⁹.

224 2662 298 2694 Ael.
328 2661 396 2693 h.a.
428 2669 466 2693 VI
493 2663 514 2692 4
540 2661 582 2693 de
606 2661 814 2694 draconibus
838 2665 1017 2702 μέλλοντεσ
1044 2666 1078 2696 δέ
1098 2677 1168 2695 τινα
1189 2666 1330 2704 ἐλλοχᾶν
1350 2687 1356 2694 .
1377 2687 1385 2695 .
1405 2687 1413 2694 .
1432 2666 1496 2695 τὰσ
1522 2665 1766 2704 θανατηφόρουσ

224 2716 316 2755 ῥίζασ
342 2715 483 2745 ἐσθίουσι
509 2716 561 2745 καὶ
586 2716 648 2745 τὰσ
675 2717 761 2746 πόασ
785 2717 893 2753 μέντοι
919 2718 981 2747 τὰσ
1006 2719 1171 2755 τοιαύτασ,
1191 2715 1295 2747 Hom.
1324 2715 1364 2747 Il.
1390 2723 1471 2747 XXII
1497 2716 1538 2747 93
1565 2724 1614 2756 sq.
1643 2717 1766 2756 δράκων

226 2788 234 2796 ,
255 2787 262 2795 .
283 2788 290 2796 .
309 2767 485 2806 βεβρωκὼσ
524 2768 605 2797 κακὰ
650 2768 812 2806 φάρμακα,
860 2766 958 2808 Verg.
998 2767 1083 2798 Aen.
1129 2776 1156 2799 11
1198 2768 1259 2798 471
1304 2766 1433 2798 coluber
1477 2767 1567 2798 mala
1611 2766 1769 2805 qramina

223 2818 352 2856 paetus.
402 2815 469 2847 alio
502 2825 604 2847 sensu
635 2815 726 2848 Petr.
760 2817 801 2848 89
836 2818 879 2849 50
908 2821 1008 2849 morte
1033 2818 1127 2858 pasti
1156 2828 1286 2859 angues
1316 2817 1480 2849 dicuntur
1512 2817 1644 2849 necatis
1677 2816 1768 2849 Lau-
