<?xml version="1.0" encoding="UTF-8"?>
<!DOCTYPE html PUBLIC "-//W3C//DTD XHTML 1.0 Transitional//EN"
    "http://www.w3.org/TR/xhtml1/DTD/xhtml1-transitional.dtd">
<html xmlns="http://www.w3.org/1999/xhtml" xml:lang="en" lang="en">
 <head>
  <title>
</title>
<meta http-equiv="Content-Type" content="text/html;charset=utf-8" />
  <meta name='ocr-system' content='tesseract 3.04.00' />
  <meta name='ocr-capabilities' content='ocr_page ocr_carea ocr_par ocr_line ocrx_word'/>
</head>
<body>
  <div class='ocr_page' id='page_1' title='image "astronomiconrece04maniuoft_0120.png"; bbox 0 0 1872 3183; ppageno 0'>
   <div class='ocr_carea' id='block_1_1' title="bbox 182 129 1119 171">
    <p class='ocr_par' dir='ltr' id='par_1_1' title="bbox 182 129 1119 171">
     <span class='ocr_line' id='line_1_1' title="bbox 182 129 1119 171; baseline 0 -1"><span class='ocrx_word' id='word_1_1' title='bbox 182 131 236 170; x_wconf 86' lang='lat'>92</span> <span class='ocrx_word' id='word_1_2' title='bbox 772 129 832 170; x_wconf 91' lang='lat' dir='ltr'>M.</span> <span class='ocrx_word' id='word_1_3' title='bbox 867 129 1119 171; x_wconf 84' lang='lat' dir='ltr'>MANILII</span> 
     </span>
    </p>
   </div>
   <div class='ocr_carea' id='block_1_2' title="bbox 212 240 1592 1175">
    <p class='ocr_par' dir='ltr' id='par_1_2' title="bbox 212 240 1592 1175">
     <span class='ocr_line' id='line_1_2' title="bbox 343 240 1380 296; baseline 0.001 -14"><span class='ocrx_word' id='word_1_4' title='bbox 343 255 390 282; x_wconf 85' lang='lat' dir='ltr'>ac</span> <span class='ocrx_word' id='word_1_5' title='bbox 411 254 487 282; x_wconf 84' lang='lat' dir='ltr'>sua</span> <span class='ocrx_word' id='word_1_6' title='bbox 507 240 658 295; x_wconf 88' lang='lat' dir='ltr'>cuique</span> <span class='ocrx_word' id='word_1_7' title='bbox 678 240 797 282; x_wconf 88' lang='lat' dir='ltr'>dedit</span> <span class='ocrx_word' id='word_1_8' title='bbox 816 240 976 282; x_wconf 89' lang='lat' dir='ltr'>tutelae</span> <span class='ocrx_word' id='word_1_9' title='bbox 995 255 1122 296; x_wconf 87' lang='lat' dir='ltr'>regna</span> <span class='ocrx_word' id='word_1_10' title='bbox 1142 256 1215 296; x_wconf 88' lang='lat' dir='ltr'>per</span> <span class='ocrx_word' id='word_1_11' title='bbox 1235 241 1380 283; x_wconf 90' lang='lat' dir='ltr'>orbem</span> 
     </span>
     <span class='ocr_line' id='line_1_3' title="bbox 343 315 1381 370; baseline 0.001 -14"><span class='ocrx_word' id='word_1_12' title='bbox 343 320 386 356; x_wconf 87' lang='lat' dir='ltr'>et</span> <span class='ocrx_word' id='word_1_13' title='bbox 404 315 595 370; x_wconf 87' lang='lat' dir='ltr'>proprias</span> <span class='ocrx_word' id='word_1_14' title='bbox 615 319 760 369; x_wconf 85' lang='lat' dir='ltr'>gentes</span> <span class='ocrx_word' id='word_1_15' title='bbox 781 320 911 370; x_wconf 87' lang='lat' dir='ltr'>atque</span> <span class='ocrx_word' id='word_1_16' title='bbox 930 315 1054 357; x_wconf 88' lang='lat' dir='ltr'>urbes</span> <span class='ocrx_word' id='word_1_17' title='bbox 1074 315 1240 357; x_wconf 87' lang='lat' dir='ltr'>addidit</span> <span class='ocrx_word' id='word_1_18' title='bbox 1260 316 1381 366; x_wconf 84' lang='lat' dir='ltr'>altas,</span> 
     </span>
     <span class='ocr_line' id='line_1_4' title="bbox 217 389 1403 445; baseline 0.005 -19"><span class='ocrx_word' id='word_1_19' title='bbox 217 396 284 428; x_wconf 86' lang='lat'>700</span> <span class='ocrx_word' id='word_1_20' title='bbox 340 389 385 430; x_wconf 90' lang='lat' dir='ltr'>in</span> <span class='ocrx_word' id='word_1_21' title='bbox 404 389 558 444; x_wconf 88' lang='lat' dir='ltr'>quibus</span> <span class='ocrx_word' id='word_1_22' title='bbox 578 389 819 431; x_wconf 69' lang='lat' dir='ltr'>adsererent</span> <span class='ocrx_word' id='word_1_23' title='bbox 837 395 1103 445; x_wconf 67' lang='lat' dir='ltr'>praestantes</span> <span class='ocrx_word' id='word_1_24' title='bbox 1123 390 1260 431; x_wconf 89' lang='lat' dir='ltr'>sidera</span> <span class='ocrx_word' id='word_1_25' title='bbox 1281 390 1403 432; x_wconf 87' lang='lat' dir='ltr'>uires.</span> 
     </span>
     <span class='ocr_line' id='line_1_5' title="bbox 342 463 1370 520; baseline 0.001 -15"><span class='ocrx_word' id='word_1_26' title='bbox 342 478 404 513; x_wconf 84' lang='lat' dir='ltr'>ac,</span> <span class='ocrx_word' id='word_1_27' title='bbox 425 463 544 505; x_wconf 90' lang='lat' dir='ltr'>uelut</span> <span class='ocrx_word' id='word_1_28' title='bbox 563 463 750 505; x_wconf 88' lang='lat' dir='ltr'>humana</span> <span class='ocrx_word' id='word_1_29' title='bbox 771 469 835 505; x_wconf 88' lang='lat' dir='ltr'>est</span> <span class='ocrx_word' id='word_1_30' title='bbox 854 464 982 519; x_wconf 80' lang='lat' dir='ltr'>signis</span> <span class='ocrx_word' id='word_1_31' title='bbox 1002 464 1205 519; x_wconf 84' lang='lat' dir='ltr'>discripta</span> <span class='ocrx_word' id='word_1_32' title='bbox 1224 464 1370 520; x_wconf 85' lang='lat' dir='ltr'>figura,</span> 
     </span>
     <span class='ocr_line' id='line_1_6' title="bbox 342 538 1420 594; baseline 0.002 -15"><span class='ocrx_word' id='word_1_33' title='bbox 342 542 398 587; x_wconf 89' lang='lat' dir='ltr'>et,</span> <span class='ocrx_word' id='word_1_34' title='bbox 421 552 683 592; x_wconf 87' lang='lat' dir='ltr'>quamquam</span> <span class='ocrx_word' id='word_1_35' title='bbox 703 538 939 579; x_wconf 89' lang='lat' dir='ltr'>communis</span> <span class='ocrx_word' id='word_1_36' title='bbox 960 544 1029 579; x_wconf 89' lang='lat' dir='ltr'>eat</span> <span class='ocrx_word' id='word_1_37' title='bbox 1048 538 1184 580; x_wconf 87' lang='lat' dir='ltr'>tutela</span> <span class='ocrx_word' id='word_1_38' title='bbox 1203 553 1277 594; x_wconf 90' lang='lat' dir='ltr'>per</span> <span class='ocrx_word' id='word_1_39' title='bbox 1297 553 1420 581; x_wconf 88' lang='lat' dir='ltr'>omne</span> 
     </span>
     <span class='ocr_line' id='line_1_7' title="bbox 341 612 1343 667; baseline 0.002 -14"><span class='ocrx_word' id='word_1_40' title='bbox 341 626 507 667; x_wconf 80' lang='lat' dir='ltr'>corpus,</span> <span class='ocrx_word' id='word_1_41' title='bbox 528 617 572 653; x_wconf 92' lang='lat' dir='ltr'>et</span> <span class='ocrx_word' id='word_1_42' title='bbox 591 612 635 653; x_wconf 89' lang='lat' dir='ltr'>in</span> <span class='ocrx_word' id='word_1_43' title='bbox 654 612 871 667; x_wconf 87' lang='lat' dir='ltr'>proprium</span> <span class='ocrx_word' id='word_1_44' title='bbox 891 612 1036 653; x_wconf 86' lang='lat' dir='ltr'>diuisis</span> <span class='ocrx_word' id='word_1_45' title='bbox 1056 613 1235 654; x_wconf 90' lang='lat' dir='ltr'>artubus</span> <span class='ocrx_word' id='word_1_46' title='bbox 1255 613 1343 655; x_wconf 82' lang='lat' dir='ltr'>exit</span> 
     </span>
     <span class='ocr_line' id='line_1_8' title="bbox 344 687 1459 742; baseline 0.002 -15"><span class='ocrx_word' id='word_1_47' title='bbox 344 688 544 741; x_wconf 86' lang='lat' dir='ltr'>(namque</span> <span class='ocrx_word' id='word_1_48' title='bbox 564 687 682 728; x_wconf 82' lang='lat' dir='ltr'>Aries</span> <span class='ocrx_word' id='word_1_49' title='bbox 701 687 846 742; x_wconf 81' lang='lat' dir='ltr'>capiti,</span> <span class='ocrx_word' id='word_1_50' title='bbox 868 687 1030 728; x_wconf 80' lang='lat' dir='ltr'>Taurus</span> <span class='ocrx_word' id='word_1_51' title='bbox 1050 687 1283 729; x_wconf 90' lang='lat' dir='ltr'>ceruicibus</span> <span class='ocrx_word' id='word_1_52' title='bbox 1302 687 1459 737; x_wconf 86' lang='lat' dir='ltr'>haeret,</span> 
     </span>
     <span class='ocr_line' id='line_1_9' title="bbox 219 761 1487 817; baseline 0.003 -18"><span class='ocrx_word' id='word_1_53' title='bbox 219 768 287 800; x_wconf 83' lang='lat'>705</span> <span class='ocrx_word' id='word_1_54' title='bbox 343 761 539 802; x_wconf 87' lang='lat' dir='ltr'>bracchia</span> <span class='ocrx_word' id='word_1_55' title='bbox 558 761 637 802; x_wconf 89' lang='lat' dir='ltr'>sub</span> <span class='ocrx_word' id='word_1_56' title='bbox 658 761 844 803; x_wconf 81' lang='lat' dir='ltr'>Geminis</span> <span class='ocrx_word' id='word_1_57' title='bbox 864 766 1101 811; x_wconf 75' lang='lat' dir='ltr'>censentur,</span> <span class='ocrx_word' id='word_1_58' title='bbox 1122 767 1294 817; x_wconf 85' lang='lat' dir='ltr'>pectora</span> <span class='ocrx_word' id='word_1_59' title='bbox 1314 763 1487 811; x_wconf 81' lang='lat' dir='ltr'>Cancro,</span> 
     </span>
     <span class='ocr_line' id='line_1_10' title="bbox 341 835 1445 892; baseline 0.002 -16"><span class='ocrx_word' id='word_1_60' title='bbox 341 840 385 877; x_wconf 83' lang='lat' dir='ltr'>te</span> <span class='ocrx_word' id='word_1_61' title='bbox 405 835 614 890; x_wconf 73' lang='lat' dir='ltr'>scapulae,</span> <span class='ocrx_word' id='word_1_62' title='bbox 636 835 857 885; x_wconf 85' lang='lat' dir='ltr'>Nemeaee,</span> <span class='ocrx_word' id='word_1_63' title='bbox 878 841 1036 877; x_wconf 87' lang='lat' dir='ltr'>uocant</span> <span class='ocrx_word' id='word_1_64' title='bbox 1056 841 1183 891; x_wconf 85' lang='lat' dir='ltr'>teque</span> <span class='ocrx_word' id='word_1_65' title='bbox 1201 836 1284 886; x_wconf 87' lang='lat' dir='ltr'>ilia,</span> <span class='ocrx_word' id='word_1_66' title='bbox 1307 837 1445 892; x_wconf 83' lang='lat' dir='ltr'>Virgo,</span> 
     </span>
     <span class='ocr_line' id='line_1_11' title="bbox 343 909 1401 966; baseline 0.002 -16"><span class='ocrx_word' id='word_1_67' title='bbox 343 909 469 951; x_wconf 85' lang='lat' dir='ltr'>Libra</span> <span class='ocrx_word' id='word_1_68' title='bbox 489 909 590 952; x_wconf 85' lang='lat' dir='ltr'>colit</span> <span class='ocrx_word' id='word_1_69' title='bbox 608 909 751 951; x_wconf 88' lang='lat' dir='ltr'>clunes</span> <span class='ocrx_word' id='word_1_70' title='bbox 772 915 815 951; x_wconf 91' lang='lat' dir='ltr'>et</span> <span class='ocrx_word' id='word_1_71' title='bbox 835 910 1032 965; x_wconf 76' lang='lat' dir='ltr'>Scorpius</span> <span class='ocrx_word' id='word_1_72' title='bbox 1051 910 1221 965; x_wconf 82' lang='lat' dir='ltr'>inguine</span> <span class='ocrx_word' id='word_1_73' title='bbox 1241 916 1401 966; x_wconf 82' lang='lat' dir='ltr'>regnat,</span> 
     </span>
     <span class='ocr_line' id='line_1_12' title="bbox 343 984 1592 1040; baseline 0.002 -15"><span class='ocrx_word' id='word_1_74' title='bbox 343 989 386 1025; x_wconf 91' lang='lat' dir='ltr'>et</span> <span class='ocrx_word' id='word_1_75' title='bbox 405 984 562 1025; x_wconf 83' lang='lat' dir='ltr'>femina</span> <span class='ocrx_word' id='word_1_76' title='bbox 582 985 878 1039; x_wconf 84' lang='lat' dir='ltr'>Arquitenens,</span> <span class='ocrx_word' id='word_1_77' title='bbox 900 999 1036 1040; x_wconf 82' lang='lat' dir='ltr'>genua</span> <span class='ocrx_word' id='word_1_78' title='bbox 1056 990 1100 1026; x_wconf 93' lang='lat' dir='ltr'>et</span> <span class='ocrx_word' id='word_1_79' title='bbox 1119 985 1396 1040; x_wconf 82' lang='lat' dir='ltr'>Capricornus</span> <span class='ocrx_word' id='word_1_80' title='bbox 1417 985 1592 1035; x_wconf 77' lang='lat' dir='ltr'>amauit,</span> 
     </span>
     <span class='ocr_line' id='line_1_13' title="bbox 341 1059 1352 1114; baseline 0 -14"><span class='ocrx_word' id='word_1_81' title='bbox 341 1073 547 1114; x_wconf 84' lang='lat' dir='ltr'>cruraque</span> <span class='ocrx_word' id='word_1_82' title='bbox 567 1059 758 1100; x_wconf 80' lang='lat' dir='ltr'>defendit</span> <span class='ocrx_word' id='word_1_83' title='bbox 777 1059 962 1109; x_wconf 82' lang='lat' dir='ltr'>quenis,</span> <span class='ocrx_word' id='word_1_84' title='bbox 984 1059 1162 1114; x_wconf 82' lang='lat' dir='ltr'>uestigia</span> <span class='ocrx_word' id='word_1_85' title='bbox 1183 1059 1352 1114; x_wconf 87' lang='lat' dir='ltr'>Pisces),</span> 
     </span>
     <span class='ocr_line' id='line_1_14' title="bbox 212 1133 1302 1175; baseline 0.004 -4"><span class='ocrx_word' id='word_1_86' title='bbox 212 1140 281 1172; x_wconf 88' lang='lat'>710</span> <span class='ocrx_word' id='word_1_87' title='bbox 337 1133 394 1174; x_wconf 88' lang='lat' dir='ltr'>sic</span> <span class='ocrx_word' id='word_1_88' title='bbox 415 1133 517 1174; x_wconf 85' lang='lat' dir='ltr'>alias</span> <span class='ocrx_word' id='word_1_89' title='bbox 538 1133 644 1175; x_wconf 88' lang='lat' dir='ltr'>aliut</span> <span class='ocrx_word' id='word_1_90' title='bbox 663 1139 796 1175; x_wconf 89' lang='lat' dir='ltr'>terras</span> <span class='ocrx_word' id='word_1_91' title='bbox 816 1133 895 1175; x_wconf 78' lang='lat' dir='ltr'>sibi</span> <span class='ocrx_word' id='word_1_92' title='bbox 914 1133 1105 1175; x_wconf 84' lang='lat' dir='ltr'>uindicat</span> <span class='ocrx_word' id='word_1_93' title='bbox 1125 1139 1302 1175; x_wconf 86' lang='lat' dir='ltr'>astrum.</span> 
     </span>
    </p>
   </div>
   <div class='ocr_carea' id='block_1_3' title="bbox 176 1289 1724 2878">
    <p class='ocr_par' dir='ltr' id='par_1_3' title="bbox 176 1289 1724 2878">
     <span class='ocr_line' id='line_1_15' title="bbox 179 1289 1722 1332; baseline 0.001 -11"><span class='ocrx_word' id='word_1_94' title='bbox 179 1291 218 1321; x_wconf 81' lang='lat' dir='ltr'>in</span> <span class='ocrx_word' id='word_1_95' title='bbox 234 1300 284 1321; x_wconf 86' lang='lat' dir='ltr'>me</span> <span class='ocrx_word' id='word_1_96' title='bbox 301 1290 529 1331; x_wconf 76' lang='lat' dir='ltr'>excidiumque</span> <span class='ocrx_word' id='word_1_97' title='bbox 544 1300 706 1327; x_wconf 82' lang='lat' dir='ltr'>meorum,</span> <span class='ocrx_word' id='word_1_98' title='bbox 724 1290 759 1321; x_wconf 88' lang='lat' dir='ltr'>id</span> <span class='ocrx_word' id='word_1_99' title='bbox 775 1294 829 1322; x_wconf 87' lang='lat' dir='ltr'>est</span> <span class='ocrx_word' id='word_1_100' title='bbox 845 1293 967 1322; x_wconf 81' lang='lat' dir='ltr'>contra</span> <span class='ocrx_word' id='word_1_101' title='bbox 978 1300 1032 1321; x_wconf 89' lang='lat' dir='ltr'>me</span> <span class='ocrx_word' id='word_1_102' title='bbox 1049 1294 1084 1322; x_wconf 88' lang='lat' dir='ltr'>et</span> <span class='ocrx_word' id='word_1_103' title='bbox 1098 1291 1143 1322; x_wconf 90' lang='lat' dir='ltr'>ad</span> <span class='ocrx_word' id='word_1_104' title='bbox 1158 1290 1332 1322; x_wconf 80' lang='lat' dir='ltr'>excidium</span> <span class='ocrx_word' id='word_1_105' title='bbox 1348 1290 1570 1332; x_wconf 82' lang='lat' dir='ltr'>patrandum.</span> <span class='ocrx_word' id='word_1_106' title='bbox 1619 1289 1722 1321; x_wconf 80' lang='lat' dir='ltr'>simili</span> 
     </span>
     <span class='ocr_line' id='line_1_16' title="bbox 180 1341 1723 1384; baseline -0.001 -11"><span class='ocrx_word' id='word_1_107' title='bbox 180 1343 216 1373; x_wconf 93' lang='lat' dir='ltr'>in</span> <span class='ocrx_word' id='word_1_108' title='bbox 240 1341 362 1373; x_wconf 88' lang='lat' dir='ltr'>datiuo</span> <span class='ocrx_word' id='word_1_109' title='bbox 387 1352 470 1373; x_wconf 85' lang='lat' dir='ltr'>casu</span> <span class='ocrx_word' id='word_1_110' title='bbox 494 1342 756 1384; x_wconf 83' lang='lat' dir='ltr'>significationis</span> <span class='ocrx_word' id='word_1_111' title='bbox 779 1342 982 1374; x_wconf 84' lang='lat' dir='ltr'>diuersitate</span> <span class='ocrx_word' id='word_1_112' title='bbox 1001 1342 1162 1374; x_wconf 82' lang='lat' dir='ltr'>Manilius</span> <span class='ocrx_word' id='word_1_113' title='bbox 1187 1351 1215 1374; x_wconf 90' lang='grc' dir='ltr'>Π</span> <span class='ocrx_word' id='word_1_114' title='bbox 1239 1343 1304 1374; x_wconf 83' lang='grc'>538</span> <span class='ocrx_word' id='word_1_115' title='bbox 1327 1345 1463 1374; x_wconf 77' lang='lat' dir='ltr'>manent</span> <span class='ocrx_word' id='word_1_116' title='bbox 1485 1342 1557 1375; x_wconf 65' lang='lat' dir='ltr'>illis</span> <span class='ocrx_word' id='word_1_117' title='bbox 1579 1342 1723 1374; x_wconf 75' lang='lat' dir='ltr'>inimica</span> 
     </span>
     <span class='ocr_line' id='line_1_17' title="bbox 179 1393 1721 1435; baseline 0.001 -11"><span class='ocrx_word' id='word_1_118' title='bbox 179 1396 208 1424; x_wconf 81' lang='lat' dir='ltr'>et</span> <span class='ocrx_word' id='word_1_119' title='bbox 227 1393 319 1425; x_wconf 76' lang='lat' dir='ltr'>uicta</span> <span class='ocrx_word' id='word_1_120' title='bbox 332 1393 485 1435; x_wconf 60' lang='lat' dir='ltr'>ferarum</span> <span class='ocrx_word' id='word_1_121' title='bbox 506 1395 641 1435; x_wconf 83' lang='lat' dir='ltr'>(astra),</span> <span class='ocrx_word' id='word_1_122' title='bbox 662 1394 802 1425; x_wconf 85' lang='lat' dir='ltr'>inimico</span> <span class='ocrx_word' id='word_1_123' title='bbox 819 1404 900 1435; x_wconf 85' lang='lat' dir='ltr'>erga</span> <span class='ocrx_word' id='word_1_124' title='bbox 916 1394 975 1425; x_wconf 86' lang='lat' dir='ltr'>illa</span> <span class='ocrx_word' id='word_1_125' title='bbox 995 1394 1112 1426; x_wconf 80' lang='lat' dir='ltr'>animo</span> <span class='ocrx_word' id='word_1_126' title='bbox 1132 1397 1168 1425; x_wconf 90' lang='lat' dir='ltr'>et</span> <span class='ocrx_word' id='word_1_127' title='bbox 1188 1394 1233 1426; x_wconf 89' lang='lat' dir='ltr'>ab</span> <span class='ocrx_word' id='word_1_128' title='bbox 1253 1395 1301 1426; x_wconf 82' lang='lat' dir='ltr'>eis</span> <span class='ocrx_word' id='word_1_129' title='bbox 1322 1395 1416 1426; x_wconf 77' lang='lat' dir='ltr'>uicta</span> <span class='ocrx_word' id='word_1_130' title='bbox 1505 1394 1567 1426; x_wconf 87' lang='grc'>698</span> <span class='ocrx_word' id='word_1_131' title='bbox 1585 1397 1721 1427; x_wconf 81' lang='lat' dir='ltr'>tutelae</span> 
     </span>
     <span class='ocr_line' id='line_1_18' title="bbox 177 1445 1722 1487; baseline 0 -10"><span class='ocrx_word' id='word_1_132' title='bbox 177 1445 254 1483; x_wconf 78' lang='lat' dir='ltr'><strong>GL2,</strong></span> <span class='ocrx_word' id='word_1_133' title='bbox 269 1449 386 1478; x_wconf 82' lang='lat' dir='ltr'>tutela</span> <span class='ocrx_word' id='word_1_134' title='bbox 401 1449 458 1478; x_wconf 85' lang='lat' dir='ltr'>LM</span> <span class='ocrx_word' id='word_1_135' title='bbox 549 1446 613 1477; x_wconf 88' lang='grc'>699</span> <span class='ocrx_word' id='word_1_136' title='bbox 630 1445 718 1477; x_wconf 78' lang='lat' dir='ltr'>Ptol.</span> <span class='ocrx_word' id='word_1_137' title='bbox 738 1448 817 1477; x_wconf 77' lang='lat' dir='ltr'>tetr.</span> <span class='ocrx_word' id='word_1_138' title='bbox 836 1456 868 1487; x_wconf 87' lang='lat' dir='ltr'>p.</span> <span class='ocrx_word' id='word_1_139' title='bbox 890 1447 953 1477; x_wconf 64' lang='lat'>14³·</span> <span class='ocrx_word' id='word_1_140' title='bbox 978 1448 1027 1477; x_wconf 81' lang='grc' dir='ltr'>εἰσ</span> <span class='ocrx_word' id='word_1_141' title='bbox 1051 1449 1105 1478; x_wconf 73' lang='grc' dir='ltr'>δύο</span> <span class='ocrx_word' id='word_1_142' title='bbox 1127 1450 1231 1478; x_wconf 79' lang='grc' dir='ltr'>τοίνυν</span> <span class='ocrx_word' id='word_1_143' title='bbox 1254 1449 1295 1478; x_wconf 86' lang='grc' dir='ltr'>τὰ</span> <span class='ocrx_word' id='word_1_144' title='bbox 1316 1448 1454 1486; x_wconf 74' lang='grc' dir='ltr'>μέγιστα</span> <span class='ocrx_word' id='word_1_145' title='bbox 1471 1449 1523 1478; x_wconf 83' lang='grc' dir='ltr'>καὶ</span> <span class='ocrx_word' id='word_1_146' title='bbox 1545 1447 1722 1487; x_wconf 81' lang='grc' dir='ltr'>κυριώτατα</span> 
     </span>
     <span class='ocr_line' id='line_1_19' title="bbox 176 1497 1724 1538; baseline 0.001 -10"><span class='ocrx_word' id='word_1_147' title='bbox 176 1498 255 1538; x_wconf 84' lang='grc' dir='ltr'>μέρη</span> <span class='ocrx_word' id='word_1_148' title='bbox 289 1498 502 1537; x_wconf 75' lang='grc' dir='ltr'>διαιρουμένου</span> <span class='ocrx_word' id='word_1_149' title='bbox 531 1500 587 1529; x_wconf 80' lang='grc' dir='ltr'>τοῦ</span> <span class='ocrx_word' id='word_1_150' title='bbox 619 1497 658 1528; x_wconf 78' lang='grc' dir='ltr'>δι’</span> <span class='ocrx_word' id='word_1_151' title='bbox 691 1499 907 1538; x_wconf 83' lang='grc' dir='ltr'>ἀστρονομίασ</span> <span class='ocrx_word' id='word_1_152' title='bbox 940 1500 1191 1538; x_wconf 75' lang='grc' dir='ltr'>προγνωστικοῦ,</span> <span class='ocrx_word' id='word_1_153' title='bbox 1222 1500 1273 1529; x_wconf 83' lang='grc' dir='ltr'>καὶ</span> <span class='ocrx_word' id='word_1_154' title='bbox 1301 1500 1428 1538; x_wconf 83' lang='grc' dir='ltr'>πρώτου</span> <span class='ocrx_word' id='word_1_155' title='bbox 1458 1500 1515 1536; x_wconf 82' lang='grc' dir='ltr'>μὲν</span> <span class='ocrx_word' id='word_1_156' title='bbox 1549 1499 1643 1529; x_wconf 84' lang='grc' dir='ltr'>ὄντοσ</span> <span class='ocrx_word' id='word_1_157' title='bbox 1672 1499 1724 1528; x_wconf 81' lang='grc' dir='ltr'>καὶ</span> 
     </span>
     <span class='ocr_line' id='line_1_20' title="bbox 177 1550 1722 1590; baseline -0.001 -10"><span class='ocrx_word' id='word_1_158' title='bbox 177 1551 387 1590; x_wconf 64' lang='grc' dir='ltr'>’γενικωτέρου</span> <span class='ocrx_word' id='word_1_159' title='bbox 411 1552 467 1580; x_wconf 81' lang='grc' dir='ltr'>τοῦ</span> <span class='ocrx_word' id='word_1_160' title='bbox 493 1550 563 1580; x_wconf 73' lang='grc' dir='ltr'>καθ’</span> <span class='ocrx_word' id='word_1_161' title='bbox 590 1552 649 1580; x_wconf 75' lang='grc' dir='ltr'>ὅλα</span> <span class='ocrx_word' id='word_1_162' title='bbox 675 1551 762 1587; x_wconf 73' lang='grc' dir='ltr'>ἔθνη</span> <span class='ocrx_word' id='word_1_163' title='bbox 788 1551 839 1580; x_wconf 81' lang='grc' dir='ltr'>καὶ</span> <span class='ocrx_word' id='word_1_164' title='bbox 866 1550 992 1590; x_wconf 82' lang='grc' dir='ltr'>χώρασ</span> <span class='ocrx_word' id='word_1_165' title='bbox 1017 1552 1069 1581; x_wconf 87' lang='grc' dir='ltr'>καὶ</span> <span class='ocrx_word' id='word_1_166' title='bbox 1095 1551 1226 1581; x_wconf 82' lang='grc' dir='ltr'>πόλεισ</span> <span class='ocrx_word' id='word_1_167' title='bbox 1252 1551 1506 1590; x_wconf 83' lang='grc' dir='ltr'>λαμβανομένου,</span> <span class='ocrx_word' id='word_1_168' title='bbox 1535 1552 1551 1580; x_wconf 84' lang='grc' dir='ltr'><em>ὃ</em></span> <span class='ocrx_word' id='word_1_169' title='bbox 1577 1551 1722 1580; x_wconf 82' lang='grc' dir='ltr'>καλεῖται</span> 
     </span>
     <span class='ocr_line' id='line_1_21' title="bbox 181 1600 1722 1641; baseline -0.001 -8"><span class='ocrx_word' id='word_1_170' title='bbox 181 1603 348 1633; x_wconf 80' lang='grc' dir='ltr'>καθολικόν</span> <span class='ocrx_word' id='word_1_171' title='bbox 369 1603 438 1632; x_wconf 81' lang='grc' dir='ltr'>κτλ.</span> <span class='ocrx_word' id='word_1_172' title='bbox 532 1600 596 1631; x_wconf 81' lang='lat'>700</span> <span class='ocrx_word' id='word_1_173' title='bbox 618 1600 765 1632; x_wconf 73' lang='lat' dir='ltr'>adserere</span> <span class='ocrx_word' id='word_1_174' title='bbox 785 1600 876 1631; x_wconf 76' lang='lat' dir='ltr'>uires</span> <span class='ocrx_word' id='word_1_175' title='bbox 900 1600 1060 1641; x_wconf 81' lang='lat' dir='ltr'>exemplo</span> <span class='ocrx_word' id='word_1_176' title='bbox 1085 1604 1190 1637; x_wconf 85' lang='lat' dir='ltr'>caret,</span> <span class='ocrx_word' id='word_1_177' title='bbox 1209 1610 1321 1641; x_wconf 86' lang='lat' dir='ltr'>neque</span> <span class='ocrx_word' id='word_1_178' title='bbox 1346 1601 1438 1632; x_wconf 86' lang='lat' dir='ltr'>enim</span> <span class='ocrx_word' id='word_1_179' title='bbox 1463 1600 1556 1632; x_wconf 89' lang='lat' dir='ltr'>idem</span> <span class='ocrx_word' id='word_1_180' title='bbox 1581 1603 1634 1632; x_wconf 88' lang='lat' dir='ltr'>est</span> <span class='ocrx_word' id='word_1_181' title='bbox 1659 1600 1722 1631; x_wconf 92' lang='lat' dir='ltr'>im-</span> 
     </span>
     <span class='ocr_line' id='line_1_22' title="bbox 180 1650 1719 1693; baseline -0.001 -10"><span class='ocrx_word' id='word_1_182' title='bbox 180 1653 315 1693; x_wconf 87' lang='lat' dir='ltr'>perium</span> <span class='ocrx_word' id='word_1_183' title='bbox 333 1651 399 1683; x_wconf 83' lang='lat' dir='ltr'>sibi</span> <span class='ocrx_word' id='word_1_184' title='bbox 417 1654 479 1683; x_wconf 81' lang='lat' dir='ltr'>aut</span> <span class='ocrx_word' id='word_1_185' title='bbox 497 1651 773 1683; x_wconf 81' lang='lat' dir='ltr'>dominationem</span> <span class='ocrx_word' id='word_1_186' title='bbox 792 1650 959 1689; x_wconf 87' lang='lat' dir='ltr'>adserere,</span> <span class='ocrx_word' id='word_1_187' title='bbox 974 1655 1014 1682; x_wconf 87' lang='lat' dir='ltr'>ut</span> <span class='ocrx_word' id='word_1_188' title='bbox 1027 1650 1113 1683; x_wconf 90' lang='lat' dir='ltr'>nihil</span> <span class='ocrx_word' id='word_1_189' title='bbox 1132 1652 1257 1683; x_wconf 87' lang='lat' dir='ltr'>mirum</span> <span class='ocrx_word' id='word_1_190' title='bbox 1276 1652 1321 1683; x_wconf 85' lang='lat' dir='ltr'>sit</span> <span class='ocrx_word' id='word_1_191' title='bbox 1340 1651 1416 1683; x_wconf 90' lang='lat' dir='ltr'>edd.</span> <span class='ocrx_word' id='word_1_192' title='bbox 1439 1654 1525 1683; x_wconf 89' lang='lat' dir='ltr'>uett.</span> <span class='ocrx_word' id='word_1_193' title='bbox 1546 1661 1625 1683; x_wconf 84' lang='lat' dir='ltr'>cum</span> <span class='ocrx_word' id='word_1_194' title='bbox 1643 1651 1719 1683; x_wconf 86' lang='lat' dir='ltr'>cod.</span> 
     </span>
     <span class='ocr_line' id='line_1_23' title="bbox 182 1702 1723 1744; baseline -0.001 -9"><span class='ocrx_word' id='word_1_195' title='bbox 182 1703 280 1735; x_wconf 91' lang='lat' dir='ltr'>Bodl.</span> <span class='ocrx_word' id='word_1_196' title='bbox 312 1703 471 1744; x_wconf 79' lang='lat' dir='ltr'>efferrent,</span> <span class='ocrx_word' id='word_1_197' title='bbox 498 1702 709 1744; x_wconf 80' lang='lat' dir='ltr'>Scaligerum</span> <span class='ocrx_word' id='word_1_198' title='bbox 746 1705 937 1740; x_wconf 71' lang='lat' dir='ltr'>eoesererent,</span> <span class='ocrx_word' id='word_1_199' title='bbox 969 1702 1167 1734; x_wconf 89' lang='lat' dir='ltr'>Bentleium</span> <span class='ocrx_word' id='word_1_200' title='bbox 1198 1702 1346 1743; x_wconf 90' lang='lat' dir='ltr'>denique</span> <span class='ocrx_word' id='word_1_201' title='bbox 1381 1706 1526 1735; x_wconf 73' lang='lat' dir='ltr'>exercent</span> <span class='ocrx_word' id='word_1_202' title='bbox 1560 1702 1723 1734; x_wconf 80' lang='lat' dir='ltr'>maluisse</span> 
     </span>
     <span class='ocr_line' id='line_1_24' title="bbox 179 1752 1723 1797; baseline -0.001 -11"><span class='ocrx_word' id='word_1_203' title='bbox 179 1755 306 1786; x_wconf 83' lang='lat' dir='ltr'>collato</span> <span class='ocrx_word' id='word_1_204' title='bbox 330 1764 359 1786; x_wconf 91' lang='lat'>11</span> <span class='ocrx_word' id='word_1_205' title='bbox 381 1755 492 1785; x_wconf 77' lang='lat' dir='ltr'>454-ss</span> <span class='ocrx_word' id='word_1_206' title='bbox 514 1754 660 1785; x_wconf 83' lang='lat' dir='ltr'>membra</span> <span class='ocrx_word' id='word_1_207' title='bbox 678 1778 684 1784; x_wconf 92' lang='lat'><em>.</em></span> <span class='ocrx_word' id='word_1_208' title='bbox 705 1778 711 1785; x_wconf 88' lang='lat'><strong><em>.</em></strong></span> <span class='ocrx_word' id='word_1_209' title='bbox 732 1778 739 1784; x_wconf 90' lang='lat'>.</span> <span class='ocrx_word' id='word_1_210' title='bbox 759 1754 797 1784; x_wconf 80' lang='lat' dir='ltr'>in</span> <span class='ocrx_word' id='word_1_211' title='bbox 819 1754 895 1794; x_wconf 75' lang='lat' dir='ltr'>quis</span> <span class='ocrx_word' id='word_1_212' title='bbox 909 1754 1114 1794; x_wconf 74' lang='lat' dir='ltr'>praecipuas</span> <span class='ocrx_word' id='word_1_213' title='bbox 1134 1757 1196 1785; x_wconf 78' lang='lat' dir='ltr'>toto</span> <span class='ocrx_word' id='word_1_214' title='bbox 1220 1754 1258 1785; x_wconf 80' lang='lat' dir='ltr'>cle</span> <span class='ocrx_word' id='word_1_215' title='bbox 1277 1764 1410 1794; x_wconf 80' lang='lat' dir='ltr'>corpore</span> <span class='ocrx_word' id='word_1_216' title='bbox 1433 1754 1523 1785; x_wconf 74' lang='lat' dir='ltr'>uires</span> <span class='ocrx_word' id='word_1_217' title='bbox 1549 1752 1553 1797; x_wconf 90' lang='grc' dir='ltr'>Ι</span> <span class='ocrx_word' id='word_1_218' title='bbox 1577 1758 1723 1786; x_wconf 79' lang='lat' dir='ltr'>exercent</span> 
     </span>
     <span class='ocr_line' id='line_1_25' title="bbox 180 1805 1584 1848; baseline -0.001 -10"><span class='ocrx_word' id='word_1_219' title='bbox 180 1807 332 1848; x_wconf 83' lang='lat' dir='ltr'>(sidera).</span> <span class='ocrx_word' id='word_1_220' title='bbox 381 1806 442 1837; x_wconf 84' lang='lat' dir='ltr'>sed</span> <span class='ocrx_word' id='word_1_221' title='bbox 470 1816 541 1837; x_wconf 90' lang='lat' dir='ltr'>non</span> <span class='ocrx_word' id='word_1_222' title='bbox 570 1806 680 1846; x_wconf 82' lang='lat' dir='ltr'>magis</span> <span class='ocrx_word' id='word_1_223' title='bbox 709 1806 838 1836; x_wconf 77' lang='lat' dir='ltr'>usitate</span> <span class='ocrx_word' id='word_1_224' title='bbox 865 1805 993 1836; x_wconf 87' lang='lat' dir='ltr'>dicitur</span> <span class='ocrx_word' id='word_1_225' title='bbox 1021 1806 1087 1837; x_wconf 83' lang='lat'>746</span> <span class='ocrx_word' id='word_1_226' title='bbox 1112 1806 1234 1837; x_wconf 74' lang='lat' dir='ltr'>adserit</span> <span class='ocrx_word' id='word_1_227' title='bbox 1263 1806 1301 1837; x_wconf 83' lang='lat' dir='ltr'>in</span> <span class='ocrx_word' id='word_1_228' title='bbox 1326 1807 1417 1837; x_wconf 66' lang='lat' dir='ltr'>uires</span> <span class='ocrx_word' id='word_1_229' title='bbox 1442 1809 1584 1846; x_wconf 78' lang='lat' dir='ltr'>pontum</span> 
     </span>
     <span class='ocr_line' id='line_1_26' title="bbox 225 1856 1722 1898; baseline -0.001 -9"><span class='ocrx_word' id='word_1_230' title='bbox 225 1858 376 1890; x_wconf 74' lang='lat'><strong>701-710</strong></span> <span class='ocrx_word' id='word_1_231' title='bbox 395 1856 480 1888; x_wconf 88' lang='lat' dir='ltr'>ordo</span> <span class='ocrx_word' id='word_1_232' title='bbox 497 1859 552 1888; x_wconf 88' lang='lat' dir='ltr'>est</span> <span class='ocrx_word' id='word_1_233' title='bbox 572 1856 579 1870; x_wconf 93' lang='lat'>‘</span> <span class='ocrx_word' id='word_1_234' title='bbox 594 1867 645 1894; x_wconf 88' lang='lat' dir='ltr'>ac,</span> <span class='ocrx_word' id='word_1_235' title='bbox 665 1856 762 1888; x_wconf 80' lang='lat' dir='ltr'>uelut</span> <span class='ocrx_word' id='word_1_236' title='bbox 780 1867 904 1898; x_wconf 87' lang='lat' dir='ltr'>corpus</span> <span class='ocrx_word' id='word_1_237' title='bbox 922 1856 1115 1888; x_wconf 78' lang='lat' dir='ltr'>humanum</span> <span class='ocrx_word' id='word_1_238' title='bbox 1134 1857 1237 1898; x_wconf 85' lang='lat' dir='ltr'>signis</span> <span class='ocrx_word' id='word_1_239' title='bbox 1256 1857 1461 1898; x_wconf 85' lang='lat' dir='ltr'>discriptum</span> <span class='ocrx_word' id='word_1_240' title='bbox 1479 1860 1532 1888; x_wconf 88' lang='lat' dir='ltr'>est</span> <span class='ocrx_word' id='word_1_241' title='bbox 1549 1860 1586 1889; x_wconf 89' lang='lat' dir='ltr'>et</span> <span class='ocrx_word' id='word_1_242' title='bbox 1602 1867 1722 1888; x_wconf 86' lang='lat' dir='ltr'>eorum</span> 
     </span>
     <span class='ocr_line' id='line_1_27' title="bbox 182 1908 1722 1950; baseline -0.001 -9"><span class='ocrx_word' id='word_1_243' title='bbox 182 1909 306 1947; x_wconf 79' lang='lat' dir='ltr'>tutela,</span> <span class='ocrx_word' id='word_1_244' title='bbox 332 1918 547 1950; x_wconf 83' lang='lat' dir='ltr'>quamquam</span> <span class='ocrx_word' id='word_1_245' title='bbox 572 1908 765 1939; x_wconf 87' lang='lat' dir='ltr'>communis</span> <span class='ocrx_word' id='word_1_246' title='bbox 790 1918 851 1949; x_wconf 87' lang='lat' dir='ltr'>per</span> <span class='ocrx_word' id='word_1_247' title='bbox 875 1918 976 1939; x_wconf 89' lang='lat' dir='ltr'>omne</span> <span class='ocrx_word' id='word_1_248' title='bbox 1001 1911 1070 1945; x_wconf 84' lang='lat' dir='ltr'>eat,</span> <span class='ocrx_word' id='word_1_249' title='bbox 1095 1911 1131 1939; x_wconf 89' lang='lat' dir='ltr'>et</span> <span class='ocrx_word' id='word_1_250' title='bbox 1157 1908 1235 1949; x_wconf 88' lang='lat' dir='ltr'>(hoc</span> <span class='ocrx_word' id='word_1_251' title='bbox 1260 1911 1313 1940; x_wconf 84' lang='lat' dir='ltr'>est</span> <span class='ocrx_word' id='word_1_252' title='bbox 1337 1909 1458 1948; x_wconf 78' lang='lat' dir='ltr'>etiam)</span> <span class='ocrx_word' id='word_1_253' title='bbox 1484 1909 1519 1940; x_wconf 91' lang='lat' dir='ltr'>in</span> <span class='ocrx_word' id='word_1_254' title='bbox 1543 1909 1722 1950; x_wconf 83' lang='lat' dir='ltr'>proprium</span> 
     </span>
     <span class='ocr_line' id='line_1_28' title="bbox 183 1958 1723 2002; baseline -0.001 -9"><span class='ocrx_word' id='word_1_255' title='bbox 183 1961 267 1999; x_wconf 86' lang='lat' dir='ltr'>exit,</span> <span class='ocrx_word' id='word_1_256' title='bbox 291 1961 339 1992; x_wconf 87' lang='lat' dir='ltr'>sic</span> <span class='ocrx_word' id='word_1_257' title='bbox 363 1960 448 1992; x_wconf 83' lang='lat' dir='ltr'>alias</span> <span class='ocrx_word' id='word_1_258' title='bbox 471 1959 566 1991; x_wconf 86' lang='lat' dir='ltr'>aliud</span> <span class='ocrx_word' id='word_1_259' title='bbox 589 1962 698 1991; x_wconf 82' lang='lat' dir='ltr'>terras</span> <span class='ocrx_word' id='word_1_260' title='bbox 721 1958 787 1991; x_wconf 82' lang='lat' dir='ltr'>sibi</span> <span class='ocrx_word' id='word_1_261' title='bbox 810 1959 966 1991; x_wconf 87' lang='lat' dir='ltr'>uindicat</span> <span class='ocrx_word' id='word_1_262' title='bbox 989 1963 1123 1991; x_wconf 81' lang='lat' dir='ltr'>astrum</span> <span class='ocrx_word' id='word_1_263' title='bbox 1136 1960 1156 1998; x_wconf 86' lang='lat'>²,</span> <span class='ocrx_word' id='word_1_264' title='bbox 1180 1970 1242 2001; x_wconf 87' lang='lat' dir='ltr'>per</span> <span class='ocrx_word' id='word_1_265' title='bbox 1264 1960 1487 2001; x_wconf 86' lang='lat' dir='ltr'>parenthesin</span> <span class='ocrx_word' id='word_1_266' title='bbox 1510 1960 1723 2002; x_wconf 85' lang='lat' dir='ltr'>interpositis</span> 
     </span>
     <span class='ocr_line' id='line_1_29' title="bbox 181 2011 1721 2053; baseline -0.001 -9"><span class='ocrx_word' id='word_1_267' title='bbox 181 2012 338 2045; x_wconf 84' lang='lat' dir='ltr'>uersibus</span> <span class='ocrx_word' id='word_1_268' title='bbox 361 2012 515 2044; x_wconf 79' lang='lat'>704——709</span> <span class='ocrx_word' id='word_1_269' title='bbox 604 2012 665 2043; x_wconf 80' lang='lat'>701</span> <span class='ocrx_word' id='word_1_270' title='bbox 692 2014 864 2049; x_wconf 82' lang='lat' dir='ltr'>discripta</span> <span class='ocrx_word' id='word_1_271' title='bbox 889 2011 1119 2043; x_wconf 85' lang='lat' dir='ltr'>Buechelerus</span> <span class='ocrx_word' id='word_1_272' title='bbox 1143 2021 1230 2043; x_wconf 84' lang='lat' dir='ltr'>mus.</span> <span class='ocrx_word' id='word_1_273' title='bbox 1257 2011 1368 2043; x_wconf 82' lang='lat' dir='ltr'>Rhen.</span> <span class='ocrx_word' id='word_1_274' title='bbox 1395 2021 1449 2042; x_wconf 85' lang='lat' dir='ltr'>an.</span> <span class='ocrx_word' id='word_1_275' title='bbox 1472 2012 1556 2043; x_wconf 89' lang='grc'>1858</span> <span class='ocrx_word' id='word_1_276' title='bbox 1579 2022 1636 2053; x_wconf 91' lang='lat' dir='ltr'>pp.</span> <span class='ocrx_word' id='word_1_277' title='bbox 1658 2012 1721 2043; x_wconf 83' lang='lat'>602</span> 
     </span>
     <span class='ocr_line' id='line_1_30' title="bbox 180 2062 1720 2106; baseline -0.002 -9"><span class='ocrx_word' id='word_1_278' title='bbox 180 2075 269 2106; x_wconf 64' lang='lat' dir='ltr'>sqq„</span> <span class='ocrx_word' id='word_1_279' title='bbox 289 2067 469 2102; x_wconf 81' lang='lat' dir='ltr'>descripta</span> <span class='ocrx_word' id='word_1_280' title='bbox 493 2062 571 2094; x_wconf 84' lang='lat' dir='ltr'>libri</span> <span class='ocrx_word' id='word_1_281' title='bbox 655 2063 779 2103; x_wconf 63' lang='lat' dir='ltr'>figura,</span> <span class='ocrx_word' id='word_1_282' title='bbox 802 2065 915 2101; x_wconf 82' lang='grc' dir='ltr'>δέμασ,</span> <span class='ocrx_word' id='word_1_283' title='bbox 937 2073 1071 2104; x_wconf 89' lang='lat' dir='ltr'>corpus,</span> <span class='ocrx_word' id='word_1_284' title='bbox 1090 2066 1131 2094; x_wconf 89' lang='lat' dir='ltr'>ut</span> <span class='ocrx_word' id='word_1_285' title='bbox 1156 2072 1178 2094; x_wconf 88' lang='lat' dir='ltr'>v</span> <span class='ocrx_word' id='word_1_286' title='bbox 1204 2064 1268 2095; x_wconf 86' lang='lat'>555</span> <span class='ocrx_word' id='word_1_287' title='bbox 1358 2063 1421 2095; x_wconf 80' lang='lat'>702</span> <span class='ocrx_word' id='word_1_288' title='bbox 1441 2067 1501 2096; x_wconf 86' lang='lat' dir='ltr'>eat</span> <span class='ocrx_word' id='word_1_289' title='bbox 1525 2063 1573 2101; x_wconf 70' lang='lat'>12²,</span> <span class='ocrx_word' id='word_1_290' title='bbox 1591 2068 1627 2096; x_wconf 89' lang='lat' dir='ltr'>et</span> <span class='ocrx_word' id='word_1_291' title='bbox 1651 2067 1720 2101; x_wconf 77' lang='lat' dir='ltr'>Lm,</span> 
     </span>
     <span class='ocr_line' id='line_1_31' title="bbox 180 2114 1718 2156; baseline -0.002 -7"><span class='ocrx_word' id='word_1_292' title='bbox 180 2121 259 2150; x_wconf 80' lang='lat' dir='ltr'>erat</span> <span class='ocrx_word' id='word_1_293' title='bbox 275 2120 301 2148; x_wconf 81' lang='lat' dir='ltr'>G</span> <span class='ocrx_word' id='word_1_294' title='bbox 390 2115 453 2147; x_wconf 76' lang='lat'>703</span> <span class='ocrx_word' id='word_1_295' title='bbox 471 2118 544 2146; x_wconf 86' lang='lat' dir='ltr'>exit</span> <span class='ocrx_word' id='word_1_296' title='bbox 561 2118 618 2146; x_wconf 90' lang='lat' dir='ltr'>LM</span> <span class='ocrx_word' id='word_1_297' title='bbox 643 2114 719 2146; x_wconf 72' lang='lat' dir='ltr'>cod.</span> <span class='ocrx_word' id='word_1_298' title='bbox 736 2114 900 2152; x_wconf 73' lang='lat' dir='ltr'>Venetus,</span> <span class='ocrx_word' id='word_1_299' title='bbox 921 2119 1019 2146; x_wconf 82' lang='lat' dir='ltr'>extet</span> <span class='ocrx_word' id='word_1_300' title='bbox 1040 2119 1065 2146; x_wconf 86' lang='lat' dir='ltr'>G</span> <span class='ocrx_word' id='word_1_301' title='bbox 1086 2117 1121 2146; x_wconf 87' lang='lat' dir='ltr'>et</span> <span class='ocrx_word' id='word_1_302' title='bbox 1142 2125 1226 2146; x_wconf 84' lang='lat' dir='ltr'>corr.</span> <span class='ocrx_word' id='word_1_303' title='bbox 1246 2124 1289 2146; x_wconf 85' lang='lat' dir='ltr'>ex</span> <span class='ocrx_word' id='word_1_304' title='bbox 1307 2117 1395 2147; x_wconf 78' lang='lat' dir='ltr'>exiit</span> <span class='ocrx_word' id='word_1_305' title='bbox 1412 2125 1475 2156; x_wconf 90' lang='lat' dir='ltr'>pro</span> <span class='ocrx_word' id='word_1_306' title='bbox 1493 2125 1565 2146; x_wconf 84' lang='lat' dir='ltr'>uar.</span> <span class='ocrx_word' id='word_1_307' title='bbox 1588 2125 1650 2146; x_wconf 84' lang='lat' dir='ltr'>scr.</span> <span class='ocrx_word' id='word_1_308' title='bbox 1669 2114 1718 2147; x_wconf 80' lang='lat' dir='ltr'>L2.</span> 
     </span>
     <span class='ocr_line' id='line_1_32' title="bbox 185 2165 1723 2209; baseline -0.002 -9"><span class='ocrx_word' id='word_1_309' title='bbox 185 2170 223 2200; x_wconf 75' lang='lat' dir='ltr'>in</span> <span class='ocrx_word' id='word_1_310' title='bbox 239 2167 418 2209; x_wconf 80' lang='lat' dir='ltr'>proprium</span> <span class='ocrx_word' id='word_1_311' title='bbox 438 2167 515 2204; x_wconf 76' lang='lat' dir='ltr'>exit,</span> <span class='ocrx_word' id='word_1_312' title='bbox 535 2166 571 2197; x_wconf 89' lang='lat' dir='ltr'>in</span> <span class='ocrx_word' id='word_1_313' title='bbox 590 2176 692 2197; x_wconf 88' lang='lat' dir='ltr'>suum</span> <span class='ocrx_word' id='word_1_314' title='bbox 712 2175 870 2207; x_wconf 87' lang='lat' dir='ltr'>quaeque</span> <span class='ocrx_word' id='word_1_315' title='bbox 889 2175 1033 2207; x_wconf 84' lang='lat' dir='ltr'>regnum</span> <span class='ocrx_word' id='word_1_316' title='bbox 1053 2169 1233 2198; x_wconf 86' lang='lat' dir='ltr'>exercetur</span> <span class='ocrx_word' id='word_1_317' title='bbox 1320 2166 1472 2198; x_wconf 77' lang='lat'>704-709</span> <span class='ocrx_word' id='word_1_318' title='bbox 1492 2165 1576 2198; x_wconf 85' lang='lat' dir='ltr'>haec</span> <span class='ocrx_word' id='word_1_319' title='bbox 1595 2167 1723 2208; x_wconf 84' lang='lat' dir='ltr'>ingenii</span> 
     </span>
     <span class='ocr_line' id='line_1_33' title="bbox 181 2217 1654 2259; baseline -0.002 -7"><span class='ocrx_word' id='word_1_320' title='bbox 181 2218 382 2252; x_wconf 85' lang='lat' dir='ltr'>ostentandi</span> <span class='ocrx_word' id='word_1_321' title='bbox 408 2228 513 2250; x_wconf 83' lang='lat' dir='ltr'>causa</span> <span class='ocrx_word' id='word_1_322' title='bbox 538 2220 643 2259; x_wconf 83' lang='lat' dir='ltr'>poeta</span> <span class='ocrx_word' id='word_1_323' title='bbox 668 2227 711 2249; x_wconf 83' lang='lat' dir='ltr'>ex</span> <span class='ocrx_word' id='word_1_324' title='bbox 738 2226 766 2249; x_wconf 88' lang='lat'>11</span> <span class='ocrx_word' id='word_1_325' title='bbox 791 2218 923 2249; x_wconf 85' lang='lat'>456-65</span> <span class='ocrx_word' id='word_1_326' title='bbox 948 2220 1081 2249; x_wconf 81' lang='lat' dir='ltr'>nouata</span> <span class='ocrx_word' id='word_1_327' title='bbox 1105 2217 1141 2249; x_wconf 89' lang='lat' dir='ltr'>in</span> <span class='ocrx_word' id='word_1_328' title='bbox 1169 2217 1306 2249; x_wconf 81' lang='lat' dir='ltr'>breuius</span> <span class='ocrx_word' id='word_1_329' title='bbox 1332 2218 1487 2249; x_wconf 84' lang='lat' dir='ltr'>oratione</span> <span class='ocrx_word' id='word_1_330' title='bbox 1513 2218 1654 2249; x_wconf 86' lang='lat' dir='ltr'>iterauit</span> 
     </span>
     <span class='ocr_line' id='line_1_34' title="bbox 226 2268 1720 2310; baseline -0.002 -7"><span class='ocrx_word' id='word_1_331' title='bbox 226 2272 288 2304; x_wconf 82' lang='lat'>705</span> <span class='ocrx_word' id='word_1_332' title='bbox 313 2271 442 2303; x_wconf 77' lang='lat' dir='ltr'>Cancro</span> <span class='ocrx_word' id='word_1_333' title='bbox 465 2269 619 2301; x_wconf 89' lang='lat' dir='ltr'>dubitari</span> <span class='ocrx_word' id='word_1_334' title='bbox 641 2272 759 2310; x_wconf 88' lang='lat' dir='ltr'>potest</span> <span class='ocrx_word' id='word_1_335' title='bbox 781 2272 900 2300; x_wconf 89' lang='lat' dir='ltr'>utrum</span> <span class='ocrx_word' id='word_1_336' title='bbox 923 2268 1063 2300; x_wconf 82' lang='lat' dir='ltr'>datiuus</span> <span class='ocrx_word' id='word_1_337' title='bbox 1086 2269 1142 2306; x_wconf 82' lang='lat' dir='ltr'>sit,</span> <span class='ocrx_word' id='word_1_338' title='bbox 1166 2269 1226 2310; x_wconf 89' lang='lat' dir='ltr'>qui</span> <span class='ocrx_word' id='word_1_339' title='bbox 1247 2278 1346 2300; x_wconf 85' lang='lat' dir='ltr'>casus</span> <span class='ocrx_word' id='word_1_340' title='bbox 1369 2270 1511 2310; x_wconf 84' lang='lat' dir='ltr'>ponitur</span> <span class='ocrx_word' id='word_1_341' title='bbox 1532 2278 1561 2300; x_wconf 88' lang='lat'>11</span> <span class='ocrx_word' id='word_1_342' title='bbox 1583 2270 1646 2301; x_wconf 88' lang='grc'>652</span> <span class='ocrx_word' id='word_1_343' title='bbox 1669 2279 1720 2310; x_wconf 84' lang='lat' dir='ltr'>sq.</span> 
     </span>
     <span class='ocr_line' id='line_1_35' title="bbox 183 2319 1722 2363; baseline -0.001 -9"><span class='ocrx_word' id='word_1_344' title='bbox 183 2326 322 2363; x_wconf 77' lang='lat' dir='ltr'>coqnata</span> <span class='ocrx_word' id='word_1_345' title='bbox 338 2321 511 2362; x_wconf 77' lang='lat' dir='ltr'>quadratis</span> <span class='ocrx_word' id='word_1_346' title='bbox 533 2319 537 2363; x_wconf 90' lang='grc' dir='ltr'>Ι</span> <span class='ocrx_word' id='word_1_347' title='bbox 556 2331 694 2360; x_wconf 84' lang='lat' dir='ltr'>corpora</span> <span class='ocrx_word' id='word_1_348' title='bbox 712 2323 884 2352; x_wconf 73' lang='lat' dir='ltr'>censentur</span> <span class='ocrx_word' id='word_1_349' title='bbox 901 2320 1019 2360; x_wconf 74' lang='lat' dir='ltr'>siqnis,</span> <span class='ocrx_word' id='word_1_350' title='bbox 1035 2331 1079 2351; x_wconf 87' lang='lat' dir='ltr'>an</span> <span class='ocrx_word' id='word_1_351' title='bbox 1098 2323 1214 2352; x_wconf 87' lang='lat' dir='ltr'>mente</span> <span class='ocrx_word' id='word_1_352' title='bbox 1231 2320 1420 2361; x_wconf 86' lang='lat' dir='ltr'>repetenda</span> <span class='ocrx_word' id='word_1_353' title='bbox 1437 2321 1482 2352; x_wconf 85' lang='lat' dir='ltr'>sit</span> <span class='ocrx_word' id='word_1_354' title='bbox 1499 2321 1722 2362; x_wconf 84' lang='lat' dir='ltr'>praepositio,</span> 
     </span>
     <span class='ocr_line' id='line_1_36' title="bbox 183 2370 1721 2412; baseline -0.003 -6"><span class='ocrx_word' id='word_1_355' title='bbox 183 2378 224 2406; x_wconf 80' lang='lat' dir='ltr'>ut</span> <span class='ocrx_word' id='word_1_356' title='bbox 248 2383 293 2405; x_wconf 84' lang='lat'>111</span> <span class='ocrx_word' id='word_1_357' title='bbox 317 2374 382 2405; x_wconf 87' lang='grc'>260</span> <span class='ocrx_word' id='word_1_358' title='bbox 405 2375 442 2404; x_wconf 88' lang='lat' dir='ltr'>et</span> <span class='ocrx_word' id='word_1_359' title='bbox 466 2372 548 2404; x_wconf 84' lang='lat' dir='ltr'>locis</span> <span class='ocrx_word' id='word_1_360' title='bbox 572 2371 621 2403; x_wconf 88' lang='lat' dir='ltr'>ibi</span> <span class='ocrx_word' id='word_1_361' title='bbox 646 2370 773 2402; x_wconf 81' lang='lat' dir='ltr'>adlatis</span> <span class='ocrx_word' id='word_1_362' title='bbox 862 2372 926 2403; x_wconf 80' lang='lat'>706</span> <span class='ocrx_word' id='word_1_363' title='bbox 944 2381 1108 2404; x_wconf 83' lang='lat' dir='ltr'>nemeaee</span> <span class='ocrx_word' id='word_1_364' title='bbox 1133 2371 1185 2402; x_wconf 90' lang='lat' dir='ltr'>ed.</span> <span class='ocrx_word' id='word_1_365' title='bbox 1213 2371 1435 2412; x_wconf 82' lang='lat' dir='ltr'>quaternaria</span> <span class='ocrx_word' id='word_1_366' title='bbox 1459 2370 1504 2402; x_wconf 76' lang='lat' dir='ltr'>ad</span> <span class='ocrx_word' id='word_1_367' title='bbox 1528 2380 1572 2402; x_wconf 85' lang='lat' dir='ltr'>m</span> <span class='ocrx_word' id='word_1_368' title='bbox 1588 2372 1607 2403; x_wconf 90' lang='lat'>6</span> <span class='ocrx_word' id='word_1_369' title='bbox 1630 2381 1721 2403; x_wconf 86' lang='lat' dir='ltr'>com-</span> 
     </span>
     <span class='ocr_line' id='line_1_37' title="bbox 181 2422 1722 2462; baseline -0.002 -5"><span class='ocrx_word' id='word_1_370' title='bbox 181 2428 385 2462; x_wconf 78' lang='lat' dir='ltr'>memorata,</span> <span class='ocrx_word' id='word_1_371' title='bbox 418 2433 560 2456; x_wconf 83' lang='lat' dir='ltr'>nemeae</span> <span class='ocrx_word' id='word_1_372' title='bbox 593 2427 663 2460; x_wconf 88' lang='lat' dir='ltr'>LM,</span> <span class='ocrx_word' id='word_1_373' title='bbox 700 2432 820 2455; x_wconf 87' lang='lat' dir='ltr'>nemee</span> <span class='ocrx_word' id='word_1_374' title='bbox 853 2426 879 2454; x_wconf 83' lang='lat' dir='ltr'><strong>G</strong></span> <span class='ocrx_word' id='word_1_375' title='bbox 977 2423 1040 2455; x_wconf 74' lang='lat'>707</span> <span class='ocrx_word' id='word_1_376' title='bbox 1065 2426 1150 2455; x_wconf 85' lang='lat' dir='ltr'>colit</span> <span class='ocrx_word' id='word_1_377' title='bbox 1187 2422 1263 2460; x_wconf 66' lang='grc' dir='ltr'>ΕΠ,</span> <span class='ocrx_word' id='word_1_378' title='bbox 1295 2426 1387 2455; x_wconf 85' lang='lat' dir='ltr'>colet</span> <span class='ocrx_word' id='word_1_379' title='bbox 1423 2426 1482 2454; x_wconf 65' lang='grc' dir='ltr'>ΒΜ</span> <span class='ocrx_word' id='word_1_380' title='bbox 1571 2423 1722 2455; x_wconf 72' lang='lat' dir='ltr'>’zu-743</span> 
     </span>
     <span class='ocr_line' id='line_1_38' title="bbox 183 2473 1722 2519; baseline -0.003 -10"><span class='ocrx_word' id='word_1_381' title='bbox 183 2477 396 2519; x_wconf 82' lang='lat' dir='ltr'>singularum</span> <span class='ocrx_word' id='word_1_382' title='bbox 418 2475 574 2517; x_wconf 86' lang='lat' dir='ltr'>gentium</span> <span class='ocrx_word' id='word_1_383' title='bbox 595 2475 825 2516; x_wconf 85' lang='lat' dir='ltr'>proprietates</span> <span class='ocrx_word' id='word_1_384' title='bbox 847 2484 890 2506; x_wconf 86' lang='lat' dir='ltr'>ex</span> <span class='ocrx_word' id='word_1_385' title='bbox 911 2473 1023 2506; x_wconf 83' lang='lat' dir='ltr'>diuisa</span> <span class='ocrx_word' id='word_1_386' title='bbox 1044 2473 1194 2505; x_wconf 86' lang='lat' dir='ltr'>siderum</span> <span class='ocrx_word' id='word_1_387' title='bbox 1217 2473 1328 2505; x_wconf 73' lang='lat' dir='ltr'>tutela,</span> <span class='ocrx_word' id='word_1_388' title='bbox 1349 2476 1446 2505; x_wconf 80' lang='lat' dir='ltr'>ortae</span> <span class='ocrx_word' id='word_1_389' title='bbox 1467 2473 1722 2512; x_wconf 82' lang='lat' dir='ltr'>describuntur,</span> 
     </span>
     <span class='ocr_line' id='line_1_39' title="bbox 183 2525 1721 2570; baseline -0.003 -9"><span class='ocrx_word' id='word_1_390' title='bbox 183 2539 270 2570; x_wconf 83' lang='lat' dir='ltr'>quas</span> <span class='ocrx_word' id='word_1_391' title='bbox 288 2527 507 2560; x_wconf 82' lang='lat' dir='ltr'>Ptolemaeus</span> <span class='ocrx_word' id='word_1_392' title='bbox 524 2529 602 2558; x_wconf 85' lang='lat' dir='ltr'>tetr.</span> <span class='ocrx_word' id='word_1_393' title='bbox 623 2535 651 2557; x_wconf 89' lang='lat'>11</span> <span class='ocrx_word' id='word_1_394' title='bbox 666 2526 702 2557; x_wconf 88' lang='lat' dir='ltr'>in</span> <span class='ocrx_word' id='word_1_395' title='bbox 719 2526 833 2566; x_wconf 85' lang='lat' dir='ltr'>capite</span> <span class='ocrx_word' id='word_1_396' title='bbox 850 2528 920 2566; x_wconf 77' lang='grc' dir='ltr'>περὶ</span> <span class='ocrx_word' id='word_1_397' title='bbox 936 2529 998 2557; x_wconf 82' lang='grc' dir='ltr'>τῶν</span> <span class='ocrx_word' id='word_1_398' title='bbox 1021 2527 1092 2557; x_wconf 77' lang='grc' dir='ltr'>καθ’</span> <span class='ocrx_word' id='word_1_399' title='bbox 1119 2528 1178 2557; x_wconf 84' lang='grc' dir='ltr'>ὅλα</span> <span class='ocrx_word' id='word_1_400' title='bbox 1204 2528 1278 2564; x_wconf 73' lang='grc' dir='ltr'>ἔθνη</span> <span class='ocrx_word' id='word_1_401' title='bbox 1303 2527 1480 2564; x_wconf 83' lang='grc' dir='ltr'>ἰδιωμάτων</span> <span class='ocrx_word' id='word_1_402' title='bbox 1498 2525 1678 2567; x_wconf 84' lang='lat' dir='ltr'>plerasque</span> <span class='ocrx_word' id='word_1_403' title='bbox 1701 2537 1721 2557; x_wconf 82' lang='lat' dir='ltr'>a</span> 
     </span>
     <span class='ocr_line' id='line_1_40' title="bbox 179 2576 1721 2619; baseline -0.002 -8"><span class='ocrx_word' id='word_1_404' title='bbox 179 2580 266 2611; x_wconf 78' lang='lat' dir='ltr'>caeli</span> <span class='ocrx_word' id='word_1_405' title='bbox 296 2579 495 2619; x_wconf 80' lang='lat' dir='ltr'>regionibus</span> <span class='ocrx_word' id='word_1_406' title='bbox 529 2578 669 2618; x_wconf 41' lang='lat' dir='ltr'>repetit,</span> <span class='ocrx_word' id='word_1_407' title='bbox 700 2576 807 2607; x_wconf 83' lang='lat' dir='ltr'>adicit</span> <span class='ocrx_word' id='word_1_408' title='bbox 840 2580 959 2608; x_wconf 82' lang='lat' dir='ltr'>tamen</span> <span class='ocrx_word' id='word_1_409' title='bbox 987 2587 1020 2618; x_wconf 90' lang='lat' dir='ltr'>p.</span> <span class='ocrx_word' id='word_1_410' title='bbox 1055 2578 1117 2608; x_wconf 66' lang='lat'><strong>151¹-</strong></span> <span class='ocrx_word' id='word_1_411' title='bbox 1144 2579 1196 2608; x_wconf 79' lang='grc' dir='ltr'>καὶ</span> <span class='ocrx_word' id='word_1_412' title='bbox 1219 2578 1253 2608; x_wconf 77' lang='grc' dir='ltr'>ἐκ</span> <span class='ocrx_word' id='word_1_413' title='bbox 1275 2579 1339 2615; x_wconf 87' lang='grc' dir='ltr'>τῆσ·</span> <span class='ocrx_word' id='word_1_414' title='bbox 1366 2579 1449 2618; x_wconf 85' lang='grc' dir='ltr'>πρὸσ</span> <span class='ocrx_word' id='word_1_415' title='bbox 1474 2580 1553 2608; x_wconf 82' lang='grc' dir='ltr'>τοὺσ</span> <span class='ocrx_word' id='word_1_416' title='bbox 1579 2579 1721 2618; x_wconf 82' lang='grc' dir='ltr'>ἀστέρασ</span> 
     </span>
     <span class='ocr_line' id='line_1_41' title="bbox 182 2629 1720 2672; baseline -0.002 -9"><span class='ocrx_word' id='word_1_417' title='bbox 182 2634 264 2664; x_wconf 88' lang='grc' dir='ltr'>κατὰ</span> <span class='ocrx_word' id='word_1_418' title='bbox 298 2632 419 2672; x_wconf 87' lang='lat' dir='ltr'>(immo</span> <span class='ocrx_word' id='word_1_419' title='bbox 449 2631 515 2670; x_wconf 89' lang='grc' dir='ltr'>καὶ)</span> <span class='ocrx_word' id='word_1_420' title='bbox 548 2631 589 2660; x_wconf 87' lang='grc' dir='ltr'>τὰ</span> <span class='ocrx_word' id='word_1_421' title='bbox 617 2630 876 2669; x_wconf 81' lang='grc' dir='ltr'>δωδεκατημόρια</span> <span class='ocrx_word' id='word_1_422' title='bbox 906 2629 1030 2669; x_wconf 83' lang='lat' dir='ltr'>(signa)</span> <span class='ocrx_word' id='word_1_423' title='bbox 1056 2630 1196 2668; x_wconf 86' lang='grc' dir='ltr'>φυσικῆσ</span> <span class='ocrx_word' id='word_1_424' title='bbox 1224 2630 1286 2659; x_wconf 79' lang='grc' dir='ltr'>τῶν</span> <span class='ocrx_word' id='word_1_425' title='bbox 1312 2630 1393 2660; x_wconf 86' lang='grc' dir='ltr'>κατὰ</span> <span class='ocrx_word' id='word_1_426' title='bbox 1421 2630 1519 2669; x_wconf 86' lang='grc' dir='ltr'>μέροο·</span> <span class='ocrx_word' id='word_1_427' title='bbox 1546 2631 1720 2667; x_wconf 83' lang='grc' dir='ltr'>λημμάτων</span> 
     </span>
     <span class='ocr_line' id='line_1_42' title="bbox 182 2678 1722 2722; baseline -0.003 -7"><span class='ocrx_word' id='word_1_428' title='bbox 182 2685 430 2715; x_wconf 83' lang='grc' dir='ltr'>συνοικειώσεωσ</span> <span class='ocrx_word' id='word_1_429' title='bbox 463 2683 665 2722; x_wconf 83' lang='grc' dir='ltr'>ἰδιοτρόπουο·</span> <span class='ocrx_word' id='word_1_430' title='bbox 696 2682 734 2711; x_wconf 86' lang='grc' dir='ltr'>ἄν</span> <span class='ocrx_word' id='word_1_431' title='bbox 765 2692 818 2711; x_wconf 86' lang='grc' dir='ltr'>τισ</span> <span class='ocrx_word' id='word_1_432' title='bbox 850 2682 931 2720; x_wconf 81' lang='grc' dir='ltr'>εὕροι</span> <span class='ocrx_word' id='word_1_433' title='bbox 964 2683 1081 2719; x_wconf 83' lang='grc' dir='ltr'>φύσεισ</span> <span class='ocrx_word' id='word_1_434' title='bbox 1109 2680 1184 2720; x_wconf 85' lang='grc' dir='ltr'>παρ’</span> <span class='ocrx_word' id='word_1_435' title='bbox 1212 2681 1374 2711; x_wconf 81' lang='grc' dir='ltr'>ἑκάστοισ.</span> <span class='ocrx_word' id='word_1_436' title='bbox 1430 2689 1501 2711; x_wconf 92' lang='lat' dir='ltr'>non</span> <span class='ocrx_word' id='word_1_437' title='bbox 1541 2678 1722 2711; x_wconf 90' lang='lat' dir='ltr'>hominum</span> 
     </span>
     <span class='ocr_line' id='line_1_43' title="bbox 186 2731 1721 2772; baseline -0.003 -6"><span class='ocrx_word' id='word_1_438' title='bbox 186 2734 246 2766; x_wconf 84' lang='lat' dir='ltr'>sed</span> <span class='ocrx_word' id='word_1_439' title='bbox 280 2734 344 2766; x_wconf 90' lang='lat' dir='ltr'>soli</span> <span class='ocrx_word' id='word_1_440' title='bbox 373 2733 502 2765; x_wconf 84' lang='lat' dir='ltr'>colores</span> <span class='ocrx_word' id='word_1_441' title='bbox 531 2733 648 2764; x_wconf 85' lang='lat' dir='ltr'>uarios</span> <span class='ocrx_word' id='word_1_442' title='bbox 676 2731 722 2763; x_wconf 75' lang='lat' dir='ltr'>ad</span> <span class='ocrx_word' id='word_1_443' title='bbox 752 2731 903 2763; x_wconf 90' lang='lat' dir='ltr'>siderum</span> <span class='ocrx_word' id='word_1_444' title='bbox 932 2731 969 2763; x_wconf 87' lang='lat' dir='ltr'>in</span> <span class='ocrx_word' id='word_1_445' title='bbox 999 2741 1079 2762; x_wconf 80' lang='lat' dir='ltr'>suas</span> <span class='ocrx_word' id='word_1_446' title='bbox 1112 2731 1279 2772; x_wconf 86' lang='lat' dir='ltr'>cuiusque</span> <span class='ocrx_word' id='word_1_447' title='bbox 1309 2734 1417 2762; x_wconf 85' lang='lat' dir='ltr'>terras</span> <span class='ocrx_word' id='word_1_448' title='bbox 1448 2731 1721 2762; x_wconf 83' lang='lat' dir='ltr'>dominationem</span> 
     </span>
     <span class='ocr_line' id='line_1_44' title="bbox 186 2780 1723 2826; baseline -0.002 -10"><span class='ocrx_word' id='word_1_449' title='bbox 186 2785 289 2817; x_wconf 81' lang='lat' dir='ltr'>refert</span> <span class='ocrx_word' id='word_1_450' title='bbox 317 2784 504 2826; x_wconf 85' lang='lat' dir='ltr'>Dionysius</span> <span class='ocrx_word' id='word_1_451' title='bbox 533 2783 684 2815; x_wconf 83' lang='lat'>1169-79</span> <span class='ocrx_word' id='word_1_452' title='bbox 710 2784 775 2814; x_wconf 77' lang='grc' dir='ltr'>θεοὶ</span> <span class='ocrx_word' id='word_1_453' title='bbox 792 2806 799 2813; x_wconf 89' lang='grc'><strong>.</strong></span> <span class='ocrx_word' id='word_1_454' title='bbox 820 2806 828 2813; x_wconf 91' lang='grc'><strong>.</strong></span> <span class='ocrx_word' id='word_1_455' title='bbox 847 2806 855 2814; x_wconf 91' lang='grc'><strong>.</strong></span> <span class='ocrx_word' id='word_1_456' title='bbox 876 2785 998 2822; x_wconf 75' lang='grc' dir='ltr'>ἔμπεδα</span> <span class='ocrx_word' id='word_1_457' title='bbox 1025 2784 1133 2814; x_wconf 85' lang='grc' dir='ltr'>πάντα</span> <span class='ocrx_word' id='word_1_458' title='bbox 1157 2784 1218 2823; x_wconf 84' lang='grc' dir='ltr'>βίῳ</span> <span class='ocrx_word' id='word_1_459' title='bbox 1244 2784 1488 2823; x_wconf 83' lang='grc' dir='ltr'>διετεκμήραντο</span> <span class='ocrx_word' id='word_1_460' title='bbox 1507 2780 1512 2825; x_wconf 72' lang='grc' dir='ltr'>Ι</span> <span class='ocrx_word' id='word_1_461' title='bbox 1528 2785 1630 2823; x_wconf 81' lang='grc' dir='ltr'>ἄστρα</span> <span class='ocrx_word' id='word_1_462' title='bbox 1655 2784 1723 2813; x_wconf 86' lang='grc' dir='ltr'>δια.-</span> 
     </span>
     <span class='ocr_line' id='line_1_45' title="bbox 184 2831 1723 2878; baseline -0.002 -9"><span class='ocrx_word' id='word_1_463' title='bbox 184 2839 363 2878; x_wconf 84' lang='grc' dir='ltr'>κρίναντεσ,</span> <span class='ocrx_word' id='word_1_464' title='bbox 392 2837 614 2876; x_wconf 83' lang='grc' dir='ltr'>ἐκληρώσαντο</span> <span class='ocrx_word' id='word_1_465' title='bbox 634 2835 661 2866; x_wconf 80' lang='grc' dir='ltr'>δ’</span> <span class='ocrx_word' id='word_1_466' title='bbox 685 2836 809 2874; x_wconf 81' lang='grc' dir='ltr'>ἑκάστῳ</span> <span class='ocrx_word' id='word_1_467' title='bbox 828 2832 833 2876; x_wconf 86' lang='grc' dir='ltr'>Ι</span> <span class='ocrx_word' id='word_1_468' title='bbox 849 2836 960 2873; x_wconf 85' lang='grc' dir='ltr'>μοῖραν</span> <span class='ocrx_word' id='word_1_469' title='bbox 984 2836 1071 2874; x_wconf 85' lang='grc' dir='ltr'>ἔχειν</span> <span class='ocrx_word' id='word_1_470' title='bbox 1102 2835 1231 2866; x_wconf 80' lang='grc' dir='ltr'>πόντοιο</span> <span class='ocrx_word' id='word_1_471' title='bbox 1261 2836 1313 2866; x_wconf 82' lang='grc' dir='ltr'>καὶ</span> <span class='ocrx_word' id='word_1_472' title='bbox 1329 2836 1472 2875; x_wconf 83' lang='grc' dir='ltr'>ἠπείροιο</span> <span class='ocrx_word' id='word_1_473' title='bbox 1487 2835 1636 2875; x_wconf 85' lang='grc' dir='ltr'>βαθείησ·</span> <span class='ocrx_word' id='word_1_474' title='bbox 1656 2831 1723 2877; x_wconf 78' lang='grc' dir='ltr'>1τῶ</span> 
     </span>
    </p>
   </div>
  </div>
 </body>
</html>
