1872 3183
190 115 244 153 90
789 108 849 149 Μ.
883 107 1137 149 MANILII

351 221 538 263 maxima
558 226 670 261 terra
689 218 790 261 uiris
810 223 853 259 et
872 216 1171 259 fecundissima
1191 215 1326 258 doctis

352 295 515 337 artibus
534 309 542 336 t
578 294 622 335 in
641 307 817 348 regnum
837 292 1032 334 florentes
1053 291 1134 332 oris
1153 290 1346 332 Athenae
1366 305 1374 340 ;

353 370 506 425 Sparta
526 382 669 417 manu,
691 366 860 409 Thebae
879 365 1002 416 diuis,
1023 370 1067 407 et
1086 379 1180 420 rege
1199 365 1267 407 uel
1286 379 1371 406 uno

352 444 545 500 princeps
565 442 680 485 Pella
700 442 864 491 domus,
886 440 1054 482 Troiani
1074 439 1210 495 gratia
1230 439 1326 480 belli
1345 453 1354 489 ;

229 527 297 559 690
354 517 567 560 Thessalia
586 516 822 572 Epirosque
840 520 992 570 potens
1011 514 1235 569 uicinaque
1254 513 1355 569 ripis

353 592 506 647 Illyris,
528 597 571 633 et
591 591 748 633 Threce
766 590 948 631 Martem
968 588 1120 630 sortita
1138 588 1347 638 colonum,

355 673 398 709 et
417 666 658 721 stupefacta
678 680 775 706 suos
794 664 904 706 inter
925 663 1151 706 Germania
1170 667 1318 718 partus
1337 677 1346 712 3

356 741 491 784 Gallia
512 755 584 796 per
604 754 766 789 census,
786 738 995 794 Hispania
1015 738 1202 779 maxima
1223 737 1340 778 bellis
1359 751 1368 786 3

282 866 343 897 687
369 868 508 897 artibus
520 864 550 901 *,
572 866 718 896 urbibus
744 866 793 894 GL
817 865 853 894 et
877 862 1039 899 editoreS,
1064 865 1207 894 orbibus
1232 865 1286 892 M:
1317 860 1488 892 contrario
1512 869 1624 891 errore
1648 860 1735 890 artes

196 927 258 959 pro
281 917 377 949 urbes
400 916 569 957 scriptum
593 918 646 946 est
669 915 704 946 in
729 914 803 946 cod.
823 914 959 946 Cusano
983 922 1006 944 v
1030 914 1105 945 201.
1154 915 1242 954 quot
1265 912 1388 944 doctae
1405 911 1507 943 urbes
1530 911 1566 942 111
1592 910 1735 951 Europa

194 969 337 1000 fuerunt
354 970 367 1000 ἱ)
399 967 483 999 1111111
500 966 639 1008 quidem
657 976 699 997 ex
716 969 793 998 toto
810 965 891 998 orbe
909 968 1078 996 terrarum
1097 964 1156 995 uix
1173 967 1341 1005 quattuor
1357 964 1586 995 innotuerunt
1601 974 1609 1000 ;
1639 960 1735 993 aliud

194 1024 248 1052 est
273 1023 391 1052 autem
418 1018 511 1061 quod
539 1018 679 1059 Europa.
705 1020 788 1059 πρὸσ
814 1019 927 1058 ἀρετὴν
953 1019 1074 1057 ἀνδρῶν
1108 1017 1308 1056 εὐφυεστάτη
1334 1017 1386 1047 καὶ
1409 1017 1579 1047 πολιτειῶν
1609 1013 1737 1045 dicitur

195 1072 308 1105 Strab.
334 1080 362 1103 11
384 1081 416 1112 p.
444 1071 515 1102 126.
564 1070 675 1102 doctas
697 1073 783 1100 artes
804 1078 817 1100 1
839 1069 893 1106 73,
911 1077 948 1099 IV
971 1069 1047 1106 526,
1071 1067 1135 1099 1100
1158 1066 1280 1098 eadem
1303 1066 1487 1098 uerborum
1509 1064 1735 1097 collocatione

195 1124 298 1156 doctis
319 1121 324 1166 Ι
344 1122 471 1154 artibus
491 1123 549 1154 191
570 1131 635 1163 sq„
655 1121 756 1154 Ouid.
776 1123 857 1152 met.
877 1129 915 1151 rx
934 1121 998 1152 743
1015 1129 1065 1160 sq.
1159 1129 1295 1158 reqnum
1312 1118 1390 1155 oris,
1407 1119 1470 1149 194
1486 1117 1584 1149 decus
1601 1117 1737 1156 linquae

200 1201 206 1206 .
227 1200 232 1206 .
253 1199 260 1206 .
279 1184 479 1215 reynumque
497 1173 662 1214 loquendi.
713 1172 819 1203 animi
837 1182 942 1202 causa
959 1170 1115 1202 exscribo
1133 1180 1175 1201 ex
1193 1170 1280 1201 thes.
1299 1169 1379 1211 ling.
1394 1169 1470 1200 Lat.
1491 1177 1520 1200 11
1537 1179 1569 1210 p.
1592 1167 1676 1200 1028
1696 1167 1737 1198 18

195 1226 334 1258 ‘Manil.
364 1234 401 1257 IV
430 1226 492 1256 687
514 1225 671 1266 florentes
696 1224 765 1255 oris
791 1222 941 1254 Athenae
955 1222 974 1253 ’.
1024 1221 1084 1253 sed
1112 1222 1171 1262 qui
1197 1220 1479 1262 lexicographum
1506 1229 1604 1261 agere
1630 1217 1737 1256 uolet,

196 1280 227 1309 ei
244 1278 330 1309 talia
348 1276 509 1309 accidant
526 1286 664 1307 necesse
682 1278 746 1313 est,
765 1275 863 1306 uelut
881 1275 994 1305 uirum
1012 1274 1104 1305 inter
1121 1283 1251 1315 paucos
1268 1272 1443 1304 eruditum
1461 1271 1496 1304 C.
1517 1271 1554 1302 F.
1570 1270 1610 1302 G.
1630 1269 1738 1302 Muel-

196 1330 304 1361 lerum
325 1339 368 1360 ex
389 1331 479 1370 synt.
502 1338 593 1359 nom.
617 1330 652 1359 et
673 1337 743 1358 acc.
766 1337 799 1368 p.
825 1327 886 1357 117
908 1326 1071 1357 discimus
1091 1324 1167 1356 qu.
1188 1333 1253 1355 XIV
1273 1325 1338 1356 308
1358 1333 1407 1365 sq.
1430 1323 1521 1355 dolia
1539 1322 1625 1354 nudi
1645 1319 1650 1364 Ι
1669 1331 1738 1353 non

197 1381 311 1413 ardent
338 1380 447 1421 cynici
475 1380 525 1410 ita
553 1379 726 1420 accepisse
754 1381 794 1409 ut
821 1376 996 1408 quenalis
1024 1376 1163 1418 cynicos
1191 1375 1283 1407 dolia
1311 1385 1373 1407 sua
1400 1375 1593 1416 impotente
1621 1382 1738 1404 amore

198 1432 350 1474 deperire
365 1431 544 1472 negauerit
633 1430 694 1461 687
721 1429 783 1460 688
800 1428 878 1461 Sen.
896 1438 984 1460 suas.
1003 1436 1031 1459 11
1046 1429 1066 1459 5
1080 1426 1235 1459 omnibus
1249 1436 1312 1458 sua
1326 1426 1441 1458 decora
1455 1428 1533 1457 sunt
1551 1435 1561 1456 .·
1587 1422 1739 1456 Athenae

197 1483 381 1524 eloquentia
408 1482 544 1514 inclitae
572 1484 661 1519 sunt,
694 1480 823 1512 Thebae
849 1480 965 1517 sacri&
994 1479 1121 1519 Sparta
1149 1478 1253 1510 armis
1342 1477 1405 1508 688
1433 1480 1561 1509 thebae
1590 1475 1740 1516 Scaliger

198 1538 293 1575 (nam
323 1534 399 1566 edd.
432 1537 517 1565 uett.
550 1532 644 1575 apud
673 1532 883 1564 Bechertum
913 1531 972 1572 qui
1002 1531 1072 1562 sint
1100 1530 1239 1569 nescio),
1262 1533 1388 1561 thebas
1417 1528 1495 1560 libri
1584 1530 1677 1559 diuis
1702 1531 1740 1559 et

197 1587 271 1618 cod.
300 1586 453 1618 Venetus
479 1586 569 1617 sicut
593 1585 787 1616 coniecerat
811 1583 970 1624 Scaliger,
997 1586 1128 1614 diuiset
1152 1585 1222 1619 LM,
1248 1584 1372 1613 diuisit
1397 1580 1460 1612 GL2
1549 1578 1653 1621 Soph.
1682 1589 1739 1620 ap.

200 1637 398 1670 Dicaearch.
426 1637 532 1668 desc-r.
561 1635 619 1668 Gr.
650 1637 689 1667 17
721 1634 849 1675 (Muell.
877 1644 988 1675 geogr.
1017 1633 1073 1664 Gr.
1104 1633 1186 1664 min.
1214 1641 1227 1664 1
1252 1643 1286 1674 p.
1317 1632 1394 1671 103)
1419 1632 1536 1671 Θήβασ
1555 1654 1563 1662 .
1583 1654 1590 1661 .
1611 1653 1618 1661 .
1638 1632 1673 1661 οὗ
1700 1632 1738 1668 δὴ

198 1693 292 1729 μόνον
326 1692 487 1721 τίκτουσιν
520 1690 552 1719 αἱ
586 1689 699 1726 θνηταὶ
725 1689 831 1724 θεούσ,
863 1685 940 1718 sen.
974 1684 1046 1716 H.f.
1079 1685 1144 1716 259
1166 1683 1265 1725 ferax
1294 1683 1428 1714 deorum
1460 1685 1557 1720 terra,
1590 1682 1656 1713 265
1687 1691 1738 1721 sq.

200 1742 277 1773 haec
291 1751 374 1782 quae
388 1740 519 1772 caelites
541 1738 546 1782 Ι
565 1739 686 1779 recepit
702 1741 731 1769 et
744 1748 828 1778 quae
837 1736 929 1778 fecit,
947 1736 1032 1768 Plin.
1050 1735 1119 1767 n.h.
1134 1744 1171 1766 IV
1187 1736 1230 1767 25
1247 1734 1387 1772 Thebae,
1403 1734 1545 1766 duorum
1559 1733 1741 1764 numinum

199 1793 311 1825 Liberi
332 1795 427 1833 atque
448 1791 617 1828 Herculia
639 1793 676 1821 ut
695 1790 824 1826 uolunt,
843 1788 959 1829 patria
1048 1787 1112 1818 689
1133 1787 1333 1828 interpunxi
1346 1796 1423 1818 cuni
1441 1789 1464 1817 L
1477 1785 1614 1822 codice;
1636 1784 1741 1825 uulgo

199 1844 257 1876 illa
273 1843 417 1876 Troiani
427 1843 536 1883 qratia
546 1841 622 1873 belli
633 1841 678 1872 ad
690 1841 874 1881 insequens
885 1838 1079 1871 Thessaliae
1092 1848 1219 1870 nomen
1230 1837 1428 1874 trahuntur,
1441 1847 1510 1878 quo
1523 1838 1627 1878 pacto
1640 1835 1743 1867 scribi

200 1896 356 1928 debuisse
380 1895 486 1935 yloria
510 1892 687 1925 Bentleius
710 1892 817 1923 sensit
907 1894 1002 1929 pella
1023 1890 1232 1923 Schraderus
1255 1889 1300 1921 ab
1323 1888 1452 1920 Iacobo
1475 1898 1586 1930 progr.
1613 1886 1740 1920 Lubec.

200 1958 254 1979 an.
281 1948 366 1980 1835
387 1957 419 1988 p.
445 1946 487 1977 29
508 1947 731 1981 memoratus,
749 1947 813 1975 illa
834 1942 921 1974 libri.
971 1941 1055 1974 ordo
1075 1944 1129 1973 est
1150 1941 1246 1973 Pella
1266 1941 1321 1972 uel
1340 1950 1409 1972 uno
1430 1939 1547 1971 domus
1568 1948 1650 1970 0000
1670 1949 1743 1979 reye

200 1999 296 2031 facta
304 1998 465 2039 princeps
478 2009 485 2028 z
508 1996 564 2028 uel
576 2005 666 2028 unus
677 1994 873 2027 Alexander
884 2004 902 2025 e
914 1994 1007 2035 regia
1019 1994 1126 2034 stirpe
1139 1992 1369 2024 Macedonum
1382 1991 1496 2023 Pellae
1506 1991 1742 2033 principatum

200 2052 292 2082 inter
306 2050 411 2081 urbes
427 2048 533 2080 dedit.
583 2047 661 2079 Mel.
675 2056 703 2078 11
718 2047 762 2079 34
775 2046 872 2077 Pella
887 2049 932 2077 est
948 2069 955 2076 .
975 2069 982 2076 .
1002 2069 1009 2076 .
1029 2044 1185 2076 inlustris
1200 2054 1210 2075 .·
1238 2043 1371 2075 alumni
1386 2043 1541 2085 efficiunt,
1555 2042 1743 2083 Philippus

201 2103 360 2134 Graeciae
385 2101 538 2138 domitor,
564 2099 756 2131 Alexander
781 2098 879 2130 etiam
904 2097 1019 2129 Asiae.
1068 2107 1109 2128 ea
1132 2107 1185 2128 res
1211 2095 1356 2127 Troiani
1372 2095 1481 2135 qratia
1504 2093 1581 2126 belli
1604 2094 1743 2131 dicitur,

201 2155 265 2186 hoc
289 2157 342 2185 est
365 2163 386 2184 a
409 2152 462 2184 dis
485 2151 661 2183 redditum
684 2150 878 2192 praemium
903 2159 965 2191 pro
983 2158 1049 2190 ope
1073 2148 1131 2180 illo
1155 2151 1311 2189 tempore
1333 2146 1491 2178 Troianis
1513 2145 1597 2183 lata,
1617 2145 1744 2187 quibus

201 2206 407 2238 auxiliatam
433 2203 565 2235 Pellam
591 2213 662 2235 esse
686 2205 794 2244 poeta
816 2201 954 2233 rettulit
977 2210 990 2232 1
1015 2201 1079 2232 769
1103 2210 1152 2241 sq.
1177 2209 1327 2240 reyesque
1354 2199 1440 2230 alios
1468 2208 1549 2239 quos
1580 2197 1745 2229 Thraecia

201 2258 296 2290 misit
317 2256 322 2300 Ι
341 2260 438 2297 atque
468 2255 574 2286 Asiae
604 2256 713 2295 gentes
745 2256 773 2285 et
803 2252 948 2292 Ma9n0
979 2252 1148 2284 maxima
1178 2250 1290 2282 Pella
1378 2250 1442 2281 690
1474 2249 1563 2290 ripis
1593 2249 1621 2280 si
1651 2252 1745 2280 recte

202 2309 358 2342 traditur
385 2307 561 2339 ablatiuus
589 2309 654 2342 est,
685 2305 804 2346 Illyris
833 2304 941 2345 Epiro
968 2303 1056 2344 ripis
1083 2303 1211 2340 uicina,
1229 2302 1326 2334 011100
1353 2301 1448 2342 ripae
1475 2300 1582 2342 Epiro
1609 2300 1745 2332 uicinae

202 2364 297 2398 sunt,
316 2357 615 2401 quemadmodum
632 2357 760 2388 dicitur
776 2365 819 2388 111
835 2357 900 2388 579
913 2355 1071 2387 Piscibus
1085 2358 1130 2386 est
1145 2354 1245 2386 Aries
1261 2357 1289 2385 et
1304 2356 1388 2384 sorte
1404 2355 1432 2384 et
1440 2352 1572 2394 finibus
1585 2351 1742 2390 haeren3;

202 2413 298 2444 nulla
315 2412 410 2443 enim
432 2413 524 2442 terra
546 2410 616 2441 suis
637 2409 713 2450 ipsa
733 2408 817 2450 ripis
837 2408 952 2439 uicina
972 2410 1036 2444 est,
1054 2416 1166 2447 neque
1188 2405 1233 2437 ad
1253 2405 1341 2446 ripis
1358 2404 1470 2436 audiri
1490 2406 1608 2445 potest
1630 2403 1744 2444 Epiri.

202 2465 262 2496 sed
279 2463 402 2495 melius
416 2461 556 2494 uidetur
571 2461 671 2501 ripa,
688 2463 729 2492 ut
746 2460 866 2500 Illyris
880 2459 1092 2491 adiectiuum
1109 2458 1165 2495 sit,
1180 2458 1272 2489 sicut
1289 2456 1407 2498 Illyris
1419 2465 1479 2487 ora
1495 2455 1640 2488 Ouidius
1655 2455 1746 2487 dixit

202 2517 292 2548 trist.
318 2524 346 2546 11
368 2515 433 2546 225
455 2516 491 2545 et
512 2515 593 2554 post
615 2522 695 2543 eum
718 2510 822 2544 Silius
844 2510 1018 2542 Ausonius
1037 2509 1209 2542 Sidonius.
1257 2510 1411 2540 ceterum
1430 2507 1516 2538 illud
1534 2510 1653 2548 poten-3
1674 2517 1746 2538 non

205 2567 249 2599 ad
274 2566 383 2599 solam
408 2565 541 2607 Epiron
565 2563 625 2595 sed
651 2563 696 2594 ad
720 2562 870 2604 reliquas
894 2562 981 2593 duas
999 2565 1107 2593 terras
1132 2559 1352 2592 referendum
1377 2562 1440 2597 est,
1460 2568 1550 2600 quae
1573 2558 1640 2590 nisi
1664 2568 1744 2590 cum

204 2622 289 2651 nota
309 2618 425 2659 aliqua
444 2616 499 2648 hic
518 2625 589 2647 non
609 2617 974 2646 commemorarentur.
1023 2612 1201 2654 Illyricum
1221 2611 1326 2643 armis
1339 2613 1431 2642 certe
1449 2613 1574 2652 potens
1593 2610 1745 2641 Romani

204 2680 315 2712 nuper
331 2668 465 2709 experti
483 2669 583 2698 erant
672 2665 733 2697 691
755 2669 876 2698 threce
894 2664 968 2696 cod.
985 2664 1150 2701 Venetus,
1167 2667 1270 2695 hrece
1287 2666 1358 2700 LM,
1375 2666 1498 2694 thrace
1515 2660 1589 2693 GL2.
1637 2660 1742 2692 Hom.

205 2721 245 2753 11.
268 2730 337 2752 xm
360 2720 436 2757 301,
460 2718 523 2751 Od.
548 2726 617 2749 vm
639 2717 700 2749 361
794 2716 856 2747 693
878 2726 941 2754 per
969 2725 1095 2748 census
1127 2718 1170 2752 Μ,
1204 2723 1417 2753 praecensus
1449 2716 1510 2752 GL,
1545 2714 1747 2751 praecensis

204 2772 280 2804 cod.
311 2772 466 2802 Venetus
558 2771 662 2801 bellis
691 2766 791 2799 codd.
820 2766 919 2799 BodJ.
959 2769 995 2798 et
1027 2776 1119 2808 corp.
1159 2764 1236 2797 Chr.
1274 2764 1398 2803 Oxou„
1431 2767 1516 2796 belli
1548 2766 1632 2795 ΘΒΜ
1667 2763 1743 2794 cod.

208 2824 373 2860 Venetus,
395 2821 508 2863 qualis
532 2820 714 2861 genetiuus
741 2829 761 2850 a
787 2818 919 2850 Manilii
944 2817 1196 2850 consuetudine
1225 2816 1389 2848 abhorret
1415 2825 1477 2847 nec
1497 2814 1583 2846 bene
1603 2813 1669 2846 illis
1685 2824 1748 2855 per
