1872 3183
524 138 1006 182 ASTRONOMIOON
1037 140 1103 183 IV
1500 144 1518 180 l
1529 143 1548 180 1
1556 143 1580 180 3

209 255 338 305 atque
357 264 442 291 uno
461 249 607 291 timuit
626 249 751 291 condi
770 254 924 292 natura
943 249 1145 305 sepulerO.

209 324 253 365 in
271 329 443 365 tantum
462 323 586 378 longo
605 329 827 365 mutantur
846 329 1035 379 tempore
1055 328 1208 366 cuneta

209 403 338 453 atque
357 398 510 439 iterum
529 398 573 438 in
592 403 725 439 semet
745 398 934 440 redeunt.
992 398 1049 440 sio
1069 403 1259 453 tempore
1278 402 1393 440 certo

85 481 152 511 840
208 473 325 527 signa
345 486 512 527 quoque
532 472 740 513 amittunt
759 472 867 513 uires
887 477 1144 527 sumuntque
1163 477 1366 527 receptas,

207 561 334 588 causa
353 550 487 601 patet,
509 546 636 600 quod,
658 546 778 587 Luna
799 547 951 601 quibus
971 546 1125 587 defecit
1144 547 1187 587 in
1207 546 1330 588 astris

207 620 309 662 orba
328 620 392 661 sui
411 619 553 661 fratris
573 620 792 675 noctisque
811 620 993 662 inmersa
1012 621 1210 671 tenebris,

206 709 303 736 cum
323 694 485 735 medius
505 694 665 736 Phoebi
684 695 823 736 radios
842 694 1056 750 intercipit
1076 695 1188 736 orbis

206 783 281 810 nec
301 768 434 810 trahit
453 768 678 810 adsuetum
698 783 783 824 quo
802 768 936 824 fulget
955 769 1076 810 Delia
1095 769 1252 819 lumen,

80 851 148 882 845
203 843 305 885 haec
326 857 494 898 quoque
514 843 631 898 signa
651 858 727 884 suo
746 843 903 898 pariter
922 858 1020 885 oum
1039 843 1172 884 sidere
1191 843 1394 898 languent

205 918 427 959 incuruata
447 917 571 958 simul
590 917 798 972 solitoque
817 922 1016 973 exempta
1036 917 1169 972 uigori

205 996 249 1033 et
267 991 386 1033 uelut
406 991 562 1033 elatam
582 991 781 1033 Phoeben
800 992 844 1032 in
863 991 1007 1033 funere
1027 991 1186 1046 lugent.

203 1066 296 1121 ipsa
315 1066 440 1107 docet
458 1065 586 1107 titulo
605 1080 649 1106 se
665 1080 792 1107 causa
812 1081 820 1107 :
856 1065 1050 1121 ecliptica
1070 1066 1189 1120 signa

38 1205 205 1246 fuyerurit.
254 1215 268 1237 Ι
281 1206 346 1237 305
356 1215 406 1246 sq.
420 1205 480 1237 has
497 1230 504 1237 .
524 1230 531 1237 .
552 1230 559 1237 .
578 1205 681 1245 cinqit
692 1205 794 1237 stellis
804 1205 996 1237 ardentibus
1010 1205 1154 1245 Amnis,
1166 1205 1264 1247 Verg.
1278 1205 1361 1237 Aen.
1376 1215 1414 1236 XI
1428 1207 1492 1237 202
1502 1209 1582 1248 post

46 1255 195 1288 Ennium
222 1257 350 1288 caelum
376 1257 478 1289 stellis
502 1257 696 1289 ardentibus
720 1260 848 1297 aptum,
876 1256 989 1288 Germ.
1018 1257 1140 1298 phaen.
1169 1258 1233 1289 577
1258 1258 1408 1298 propriis
1433 1258 1586 1290 ardentia

43 1308 184 1348 (sidera)
213 1308 366 1350 flammis
456 1308 518 1340 837
545 1311 666 1340 timuit
698 1308 811 1347 GLM2,
844 1312 973 1340 timent
1010 1312 1054 1340 M.
1103 1309 1214 1340 tirrzuit
1241 1308 1389 1340 duorum
1422 1319 1585 1341 uersuum

43 1359 226 1391 interuallo
248 1360 435 1401 repetitum
456 1370 526 1391 non
546 1360 624 1391 ideo
645 1360 739 1401 apud
761 1360 852 1391 hunc
873 1363 1013 1401 poetam
1036 1363 1236 1401 suspectum
1257 1371 1329 1392 esse
1351 1360 1466 1397 debet,
1488 1371 1587 1402 prae-

43 1411 161 1442 sertim
179 1421 258 1442 cum
277 1412 408 1442 minore
425 1412 540 1452 spatio
558 1415 710 1443 arserunt
726 1414 762 1442 et
779 1411 931 1443 ardentia
948 1411 1181 1442 distineantur
1194 1423 1203 1449 ;
1234 1422 1313 1442 cum
1331 1415 1449 1443 autem
1466 1412 1585 1443 Matri-

43 1463 150 1493 tensis
172 1462 273 1493 lectio
295 1462 404 1493 isdem
426 1472 536 1503 paene
558 1462 685 1503 quibus
707 1462 840 1493 metuit
862 1462 986 1493 litteris
1008 1465 1156 1499 constet,
1180 1463 1294 1494 nescio
1316 1473 1361 1494 an
1382 1463 1446 1494 hoc
1469 1464 1586 1505 potius

42 1513 280 1554 reponendum
301 1514 355 1544 sit.
408 1513 490 1544 alibi
510 1513 594 1544 haec
615 1513 684 1544 duo
706 1513 813 1544 uerba
832 1516 1034 1554 permutata
1054 1516 1146 1551 sunt,
1162 1513 1259 1545 uelut
1280 1514 1380 1545 Ouid.
1397 1518 1478 1545 met.
1495 1524 1508 1546 1
1522 1516 1586 1546 745

43 1564 158 1595 metuit
182 1565 297 1601 ceteri,
323 1565 435 1595 timuit
459 1564 569 1601 Harl„
595 1564 672 1596 Sen.
700 1564 783 1596 Oed.
811 1565 874 1596 993
900 1564 1054 1596 metuisse
1078 1564 1119 1602 Ε,
1144 1564 1296 1596 timuisse
1320 1564 1361 1602 A,
1386 1565 1461 1597 Ter.
1488 1565 1585 1597 haut.

44 1616 109 1647 620
136 1616 233 1647 timeo
260 1616 369 1652 ADG,
399 1618 506 1647 metuo
534 1615 699 1657 plerique,
727 1615 768 1647 Il.
800 1616 875 1647 Lat.
906 1616 970 1647 937
999 1615 1076 1647 libri
1104 1616 1231 1657 partim
1257 1616 1431 1656 pertimuit
1457 1617 1587 1657 partim

41 1667 240 1708 permetuit3
279 1667 444 1709 glossaria
470 1671 610 1699 metuere
637 1678 698 1708 per
724 1667 836 1698 timere
865 1667 1036 1708 explicare
1066 1667 1189 1703 solent,
1220 1667 1341 1699 O.G.L.
1371 1677 1409 1699 IV
1436 1669 1501 1699 527
1534 1669 1585 1705 15,

43 1727 66 1749 V
86 1719 128 1750 84
150 1720 200 1756 10,
226 1720 284 1750 111
307 1719 337 1756 3,
362 1719 423 1750 116
442 1720 496 1756 41,
517 1719 581 1749 222
601 1719 654 1756 23,
670 1719 734 1750 459
754 1719 807 1756 46,
823 1720 885 1750 527
910 1720 960 1755 15,
975 1719 1039 1750 537
1054 1719 1075 1749 4
1166 1719 1274 1755 condi,
1298 1729 1340 1749 ne
1368 1718 1585 1757 conderetur,

42 1772 83 1801 ut
102 1779 115 1801 1
133 1770 198 1800 424
211 1780 279 1800 non
288 1779 386 1810 posse
405 1769 524 1801 timens
613 1770 676 1800 838
690 1774 847 1807 tempore
861 1773 905 1807 M,
918 1773 1080 1808 tempora
1093 1773 1152 1807 GL,
1169 1773 1192 1801 L
1202 1770 1308 1801 etiam
1320 1781 1352 1801 u.
1366 1771 1430 1802 839
1522 1771 1583 1800 841

43 1824 135 1859 quod
159 1820 233 1852 cod.
261 1820 363 1858 Flor.‚
380 1830 449 1858 quo
474 1824 568 1859 GLM,
603 1830 673 1859 qua
697 1821 771 1852 cod.
790 1821 944 1852 Venetus
1034 1824 1071 1852 in
1096 1831 1162 1852 om.
1180 1824 1225 1858 M,
1242 1820 1333 1852 unde
1358 1821 1407 1853 M2
1431 1821 1584 1862 defecerit

132 1872 194 1902 843
212 1875 347 1904 medius
365 1872 439 1903 cod.
462 1872 559 1903 Bodl.
582 1872 655 1912 (sed
674 1871 765 1903 idem
781 1872 943 1912 phoebus)
962 1874 998 1903 et
1018 1872 1205 1910 Bentleius‚
1225 1875 1356 1904 medios
1373 1876 1467 1910 GLM,
1492 1872 1587 1914 quod

44 1926 84 1954 ut
103 1922 183 1954 ferri
202 1926 330 1964 potest,
351 1923 401 1954 ita
420 1922 505 1954 illud
524 1923 774 1964 significantius
794 1926 857 1960 est,
878 1933 971 1954 error
991 1926 1109 1954 autem
1128 1924 1270 1965 propius
1289 1926 1456 1965 sequente
1470 1925 1584 1956 radios

42 1974 203 2015 procliuis
295 1974 358 2004 844
383 1977 570 2006 adsuetum
582 1974 610 2010 *,
630 1978 675 2006 ad.
693 1979 829 2006 coetum
845 1978 889 2012 M,
907 1978 1069 2006 adcetum
1085 1974 1131 2013 ΣΡ,
1151 1978 1316 2006 adcecum
1331 1979 1364 2015 L,
1384 1979 1429 2007 ad
1445 1985 1586 2007 caecum

46 2028 73 2059 G
93 2025 168 2056 cod.
194 2025 357 2063 Venetus,
381 2025 425 2057 ad
445 2035 478 2056 se
500 2029 570 2057 tum
592 2025 773 2057 Dulcinius
797 2026 947 2067 pessima
968 2027 1168 2057 coniectura
1190 2036 1348 2067 quaeque
1362 2029 1399 2057 et
1422 2037 1586 2058 numeros

43 2079 79 2108 et
98 2077 291 2108 orationem
310 2080 520 2117 corrumpat.
570 2080 678 2108 coetus
697 2077 816 2108 Lunae
836 2079 872 2108 et
892 2077 978 2109 Solis
997 2087 1077 2108 cum
1097 2077 1176 2108 hinc
1196 2077 1328 2108 alienus
1348 2078 1406 2114 sit,
1428 2078 1463 2108 id
1483 2078 1584 2119 posui

43 2128 136 2169 quod
159 2129 352 2159 sententiae
374 2129 593 2170 aptissimum
614 2128 791 2160 uideretur
808 2128 970 2169 idemque
990 2138 1096 2169 quam
1113 2129 1269 2170 proxime
1284 2128 1422 2160 abesset
1444 2140 1464 2160 a
1485 2129 1582 2162 libris

130 2183 248 2211 lumen
264 2183 308 2218 M,
327 2183 411 2211 luna.
427 2183 475 2211 GL
493 2179 567 2211 cod.
590 2180 742 2211 Venetus
832 2179 894 2210 845
917 2183 1090 2218 languent
1112 2179 1184 2219 GL2,
1206 2183 1354 2218 languet
1377 2184 1434 2212 LM
1524 2191 1585 2212 suo

44 2231 159 2269 sidere,
188 2231 287 2262 Luna
313 2231 361 2263 ibi
388 2232 585 2263 constituta
675 2231 738 2262 846
765 2231 953 2263 incuruata.
1005 2231 1147 2263 ‘eadem
1175 2231 1372 2270 tralatione,
1401 2243 1470 2274 qua
1497 2233 1587 2265 dixit

43 2281 167 2324 lugere.
216 2292 298 2313 nam
315 2285 511 2314 atratorum
529 2286 564 2314 et
581 2282 774 2324 lugentium
791 2286 844 2314 est
861 2284 1070 2323 ἑγκεκυφέναι
1083 2282 1090 2296 ’
1110 2282 1269 2325 Scaliger.
1331 2284 1432 2325 Prop.
1452 2293 1488 2316 IV
1507 2286 1526 2316 7
1543 2286 1585 2317 27

43 2333 119 2374 qui-s·
140 2337 249 2365 nostro
271 2343 412 2365 curuum
433 2337 462 2365 te
477 2334 598 2375 funere
619 2333 707 2366 uidit
723 2335 738 2365 ?
828 2337 944 2372 uigori
960 2337 1028 2372 LM,
1048 2337 1170 2372 uigore
1187 2334 1260 2366 GL2.
1326 2336 1437 2375 magis
1457 2335 1586 2367 usitate

43 2385 141 2426 uigor
166 2385 271 2426 signis
297 2388 480 2427 exemptus
506 2386 690 2421 diceretur,
717 2385 777 2416 sed
803 2385 905 2416 simili
931 2385 1085 2417 nouandi
1112 2386 1228 2417 studio
1255 2385 1415 2417 Lucanus
1442 2395 1494 2418 vn
1521 2388 1582 2419 731

43 2436 180 2476 aymiria
198 2436 352 2476 permisit
373 2437 464 2468 uitae
484 2439 521 2468 et
542 2436 653 2468 multo
676 2436 841 2468 audacius
864 2447 903 2468 ac
924 2437 1042 2478 potius
1063 2437 1180 2478 inepte
1202 2437 1371 2469 Martialis
1392 2441 1499 2479 spect.
1526 2440 1540 2470 1
1566 2440 1587 2469 4

43 2487 230 2520 dissimulet
263 2488 370 2519 Delon
400 2488 554 2520 cornibus
585 2499 646 2520 ara
671 2488 832 2529 frequens
923 2488 983 2519 847
1014 2492 1139 2526 lugent
1171 2489 1231 2527 M2,
1264 2492 1384 2521 lucent
1414 2493 1498 2521 GLM

132 2539 194 2569 848
211 2542 289 2577 ipsa
309 2543 368 2577 GL,
393 2542 468 2578 ipse
491 2543 525 2571 M
614 2543 720 2572 titulo
744 2549 781 2572 se
804 2549 911 2572 causa
923 2539 952 2578 *‚
978 2543 1104 2572 titulos
1128 2549 1254 2572 causae
1279 2540 1356 2572 libri
1381 2551 1451 2572 una
1476 2544 1586 2572 trans-

43 2590 158 2632 posita
179 2590 306 2627 littera,
330 2594 406 2622 tum
428 2592 529 2622 metri
551 2601 655 2624 causa
676 2601 766 2629 quae
782 2594 807 2623 G
828 2591 903 2622 cod.
928 2591 1093 2628 Venetus,
1118 2601 1184 2629 que
1206 2591 1266 2623 L2:
1302 2591 1381 2623 uide
1404 2592 1448 2623 ad
1472 2601 1499 2624 11
1521 2593 1583 2624 831

45 2641 216 2673 adnotata
237 2644 273 2673 et
295 2642 397 2673 simih'
418 2653 530 2674 errore
560 2642 662 2674 librae
683 2652 726 2674 111
749 2644 814 2674 414
835 2653 898 2684 pro
921 2653 937 2674 e
958 2642 1043 2674 libra
1065 2643 1243 2684 scriptum.
1291 2652 1305 2674 1
1328 2644 1389 2675 701
1414 2653 1464 2684 sq.
1488 2644 1587 2676 uisus

44 2693 187 2725 incurrit
210 2693 248 2725 in
271 2693 363 2733 ipsos
385 2691 389 2736 Ι
408 2697 523 2733 sponte
546 2704 609 2725 sua
637 2704 744 2734 seque
770 2694 853 2734 ipse
880 2695 982 2726 docet
1008 2694 1155 2725 circulus
1179 2694 1322 2731 lacteus,
1348 2703 1375 2725 11
1399 2695 1464 2726 695
1489 2695 1586 2727 dode-

44 2744 232 2781 catemoria,
260 2744 298 2775 in
323 2745 435 2776 titulo
462 2744 633 2784 siqnantia
661 2755 806 2776 causas.
856 2745 929 2785 ipse
956 2746 1045 2777 docet
1071 2746 1210 2777 titulus
1235 2755 1373 2777 causas
1392 2745 1584 2784 Bentleius,

43 2795 122 2835 ipsa
145 2795 275 2827 docent
299 2796 411 2827 titulo
428 2805 580 2832 causas,
605 2806 690 2836 quae
715 2796 855 2827 Ellisius
879 2799 972 2828 noct.
999 2797 1091 2828 Man.
1119 2807 1152 2838 p.
1183 2798 1255 2828 154.
1304 2796 1411 2829 uerba
1436 2797 1588 2838 ecliptica

45 2846 142 2886 styria
164 2844 169 2890 Ι
189 2847 299 2879 dixere
330 2847 462 2888 antiqui
492 2850 573 2888 post
607 2848 738 2880 818-20
776 2858 1034 2889 superuacanea
1075 2858 1147 2879 esse
1186 2858 1256 2879 non
1295 2858 1382 2890 nego
1397 2860 1406 2886 3
1447 2849 1507 2880 sed
1545 2860 1587 2881 ea

806 2911 831 2933 H
