1872 3183
158 127 213 167 68
776 129 838 172 M.
872 130 1123 173 MANILII

319 235 482 278 iustitia
502 251 728 292 rursusque
749 238 897 280 eadem
916 239 1104 281 labentia
1125 239 1248 295 fugit,

319 310 406 352 alta
425 325 500 366 per
518 311 726 367 inperium
746 312 898 354 tribuit
917 313 1087 369 fastigia
1109 329 1336 365 summum,

193 391 262 422 545
318 389 609 440 rectoremque
630 386 752 428 dabit
771 387 911 442 legum
931 388 1116 443 iurisque
1136 391 1290 431 sacrati

319 464 467 501 sancta
485 460 693 515 pudicitia
713 461 909 503 diuorum
929 463 1090 518 templa
1108 463 1330 506 colentem.

372 534 458 584 sed,
479 549 577 576 cum
597 536 866 577 autumnales
885 542 1116 592 coeperunt
1135 552 1301 594 surgere
1320 538 1485 589 Chelae,

317 608 418 650 felix
438 614 622 664 aequato
642 610 809 665 genitus
830 611 909 652 sub
928 611 1114 666 pondere
1134 612 1297 656 Librae.

153 797 186 829 p.
207 788 263 828 82)
280 788 416 820 additus
433 790 478 820 est
495 789 622 821 iustae
639 799 729 821 nunc
746 790 841 822 cani-3
855 790 1048 832 Eriyonae
1063 795 1170 833 atque
1183 793 1290 824 etiam
1304 793 1413 835 magis
1425 796 1547 834 aperta
1558 792 1700 825 Seruius

155 838 231 870 buc.
254 848 291 870 1v
311 839 331 871 6
350 839 434 872 redit
453 843 481 871 et
506 840 605 881 Vir-90
624 851 634 872 .·
669 841 820 880 Iustitia,
839 852 923 882 quae
945 843 1090 883 Eiiyone
1102 843 1184 884 fuit,
1198 843 1279 884 filia
1300 844 1482 877 Themidis.
1531 844 1700 876 Astraeae

150 890 309 922 fabulam
335 891 497 923 Manilius
522 893 558 923 in
583 892 723 934 Virgine
747 897 886 935 praeter
910 893 1002 926 hune
1027 894 1142 926 locum
1167 905 1237 927 non
1261 896 1413 937 respicit,
1439 896 1499 938 qui
1524 904 1553 927 11
1577 897 1617 928 31
1645 905 1697 937 sq.

150 942 274 981 pietate
290 952 372 984 erga
387 945 525 984 patrem
542 943 694 975 Icarium
712 946 756 977 ad
772 945 883 977 sidera
900 946 1033 978 ductam
1052 946 1222 987 Eriyonen
1238 947 1418 989 praedicat
1434 958 1544 989 eoque
1557 948 1699 979 nomine

151 992 247 1024 sidus
282 994 546 1035 quaterdeciens
580 995 746 1037 appellat,
781 997 891 1028 altero
924 1007 1118 1039 numquam
1210 999 1273 1029 544
1304 1009 1367 1040 pro
1400 999 1516 1031 tribuit
1548 998 1700 1031 Iacobus

150 1044 280 1082 tribuet,
308 1044 486 1083 facillima,
515 1049 556 1077 ut
583 1047 628 1077 ad
656 1048 721 1079 505
749 1047 898 1086 ostendi,
927 1049 1123 1080 mutatione
1151 1052 1187 1081 et
1213 1049 1361 1081 fortasse
1384 1059 1480 1089 uera,
1502 1050 1564 1082 sed
1591 1060 1699 1091 quam

151 1096 296 1128 dubiam
310 1096 460 1128 reddant
473 1098 537 1129 577
552 1108 601 1139 sq.
618 1101 654 1130 et
667 1099 732 1130 loci
746 1099 791 1130 ad
805 1108 833 1131 11
847 1101 911 1132 328
925 1100 1034 1132 adlati
1125 1111 1301 1132 summum
1314 1102 1499 1143 imperium
1511 1101 1700 1133 tribuendo

150 1147 277 1179 tribuit
295 1148 368 1180 alta
385 1148 535 1190 fastigia.
584 1149 720 1191 Fayum
739 1153 775 1182 et
794 1151 989 1183 Breiterum
1008 1162 1146 1192 surgens
1163 1152 1233 1184 alta
1247 1162 1308 1192 per
1319 1152 1463 1194 fastiyia
1479 1153 1700 1185 coniunxisse

148 1202 186 1231 et
209 1200 317 1239 capite-
340 1200 450 1231 oriens
472 1201 722 1243 interpretatos
745 1212 818 1234 esse
843 1213 913 1234 non
936 1203 1036 1234 facile
1061 1203 1146 1235 mihi
1168 1204 1287 1236 credet
1309 1205 1375 1235 nisi
1398 1205 1458 1246 qui
1480 1215 1539 1237 eos
1561 1205 1701 1236 nouerit

241 1251 303 1281 545
328 1250 435 1291 layum
459 1251 609 1292 iurisque
632 1253 757 1284 sacrati
780 1263 859 1284 cum
884 1254 1055 1296 Scaligero
1079 1255 1289 1296 interpretor
1315 1255 1322 1267 ‘
1336 1255 1447 1287 ciuilis
1469 1258 1506 1287 et
1528 1255 1699 1297 pontificii

150 1302 234 1332 iuris
249 1301 256 1314 ’
280 1302 353 1332 siue
376 1301 502 1333 Valerii
524 1302 669 1334 Maximi
691 1303 806 1335 uerbis
828 1313 850 1335 v
873 1305 892 1335 8
915 1306 934 1336 3
957 1305 1045 1336 iuris
1061 1305 1178 1337 ciuilis
1199 1308 1228 1337 et
1248 1315 1418 1338 sacrorum
1436 1306 1696 1347 pontificalium.

151 1354 230 1383 iura
254 1363 359 1393 reqere
384 1352 546 1385 Manilius
571 1354 662 1385 dixit
687 1364 725 1386 1v
749 1357 792 1387 59
817 1356 896 1387 iura
920 1359 1011 1396 t09ae
1035 1360 1153 1397 reqeret
1178 1357 1344 1398 (Caesar),
1363 1357 1499 1390 Statius
1523 1357 1631 1390 Theb.
1657 1366 1699 1389 xl

158 1406 221 1436 165
239 1408 267 1435 te
281 1414 399 1444 pacem
416 1408 444 1436 et
457 1405 521 1445 pia
538 1406 616 1437 iura
632 1410 792 1447 rcqentem
810 1407 1050 1448 (Adrastum);
1082 1408 1164 1448 loyes
1181 1419 1287 1449 reqere
1298 1412 1338 1441 ut
1355 1408 1495 1441 uidetur
1510 1409 1604 1441 idem
1620 1409 1697 1441 silu.

153 1465 165 1487 1
179 1457 198 1487 2
211 1457 274 1488 267
287 1456 345 1497 qui
357 1456 450 1496 layas,
462 1457 521 1497 qui
532 1461 640 1488 castra
651 1462 764 1498 reyam
775 1459 899 1499 (leyant
911 1459 1015 1500 cod.).
1059 1459 1150 1491 Fest.
1164 1470 1197 1502 p.
1214 1461 1277 1492 185
1288 1460 1442 1502 pontifex
1452 1461 1622 1493 maximus
1634 1485 1642 1493 .
1661 1485 1669 1492 .
1689 1485 1697 1493 .

153 1508 253 1539 iudex
272 1510 369 1548 atque
388 1507 509 1539 arbiter
529 1508 665 1540 habetur
684 1519 794 1541 rerum
813 1510 1013 1542 diuinarum
1033 1511 1322 1552 humanarumque
1412 1512 1476 1543 546
1497 1512 1599 1545 Ouid.
1614 1512 1696 1544 fast.

151 1568 187 1591 1v
204 1559 269 1590 296
284 1569 368 1599 quae
385 1583 392 1590 .
412 1583 418 1590 .
439 1583 446 1591 .
464 1559 576 1591 colunt
592 1564 722 1592 sanctos
741 1562 936 1602 uirqinitate
945 1561 1050 1602 focos,
1068 1562 1198 1594 Auson.
1219 1564 1285 1595 419
1300 1564 1343 1595 66
1358 1562 1468 1605 (Peip.
1485 1574 1518 1605 p.
1536 1564 1616 1603 370)
1631 1573 1702 1596 non

149 1610 322 1651 pontificis
343 1610 449 1642 cubile
470 1612 596 1643 castius
618 1622 676 1643 ozee
695 1613 864 1652 puluinar
879 1613 1038 1654 flaminis
1060 1617 1127 1646 tam
1146 1614 1311 1654 pudicum
1402 1615 1553 1646 547—552
1574 1615 1701 1646 Librae

150 1665 251 1704 parte
266 1662 379 1703 prima
393 1663 526 1694 oriente
540 1664 696 1695 nascitur
710 1664 802 1695 orbis
817 1667 989 1696 terrarum
1003 1665 1177 1703 dominus,
1192 1668 1273 1707 post
1287 1668 1436 1697 mortem
1451 1665 1536 1698 deus
1546 1666 1698 1698 futurus.

154 1714 161 1725 ‘
176 1714 337 1755 genitura
354 1712 504 1754 Augusti
519 1714 526 1727 ³
547 1714 707 1756 Scaliger.
755 1718 861 1747 natus
878 1719 932 1748 est
949 1715 1139 1758 Augustus,
1154 1720 1195 1748 ut
1211 1719 1350 1758 praeter
1366 1717 1451 1748 alios
1468 1718 1541 1758 ipse
1558 1718 1595 1749 in
1611 1718 1700 1759 epis·

151 1765 228 1796 tula
252 1768 379 1805 quarto
404 1768 440 1796 et
463 1767 678 1807 sexagesimo
701 1767 813 1798 natali
837 1777 899 1798 suo
924 1768 1065 1809 scripta,
1087 1778 1194 1809 quam
1218 1769 1373 1800 seruauit
1396 1768 1527 1801 Gellius
1548 1778 1599 1801 xv
1623 1770 1641 1800 7
1667 1770 1699 1807 3,

151 1819 316 1854 testatur,
335 1824 380 1847 ΙΧ
399 1816 464 1848 kal.
485 1815 642 1855 Octobris,
661 1817 726 1849 hoc
743 1821 797 1850 est
814 1829 854 1850 eo
872 1820 999 1850 mensis
1016 1819 1230 1861 Septembris
1246 1820 1301 1851 die
1316 1830 1420 1861 quem
1434 1821 1495 1861 qui
1510 1831 1602 1852 anno
1617 1823 1701 1852 ante

153 1867 330 1899 Christum
345 1869 475 1908 63‚quo
487 1868 585 1900 illum
597 1872 722 1901 natum
735 1872 886 1908 constat,
900 1874 1054 1902 aetatem
1068 1871 1220 1913 agebant
1232 1871 1389 1903 homines
1401 1872 1453 1903 ita
1465 1872 1698 1914 appellarunt.

151 1929 265 1960 neque
283 1920 375 1950 enim
394 1919 546 1951 Romani
564 1923 645 1961 post
663 1931 795 1952 annum
814 1922 856 1953 46
875 1923 985 1964 magis
1003 1932 1110 1963 quam
1129 1922 1212 1954 Itali
1230 1926 1311 1964 post
1331 1924 1416 1954 1582
1434 1926 1498 1955 aut
1514 1926 1596 1965 post
1616 1924 1702 1955 1752

151 1970 255 2012 Angli
280 1973 425 2012 propter
450 1970 523 2002 dies
550 1974 626 2002 tum
654 1971 808 2004 adiectos
835 1972 1056 2005 detractosue
1082 1974 1255 2005 natalium
1281 1984 1423 2005 suorum
1450 1975 1704 2016 appellationes

153 2025 349 2060 mutarunt,
381 2022 441 2053 sed
471 2022 581 2054 isdem
612 2024 758 2055 retentis
788 2024 923 2056 natales
954 2025 1127 2056 celebrare
1158 2025 1358 2057 maluerunt
1386 2027 1458 2057 iam
1488 2036 1559 2058 non
1588 2037 1700 2058 ueros.

152 2073 251 2104 cuius
273 2074 333 2111 rei,
357 2083 447 2114 quae
470 2073 677 2105 Suetonium
699 2074 824 2106 fefellit
846 2086 926 2107 cum
949 2077 1011 2107 uit.
1037 2076 1125 2118 Aug.
1148 2077 1210 2108 100
1236 2078 1250 2108 1
1276 2087 1386 2108 annos
1409 2077 1551 2118 diesque
1574 2078 1703 2109 aetatis

153 2124 303 2166 Augusti
321 2128 526 2166 computare
546 2125 664 2163 uellet,
684 2125 895 2158 documento
914 2131 968 2159 est
988 2127 1105 2159 Cicero
1124 2131 1161 2159 et
1179 2128 1224 2159 ad
1244 2128 1318 2159 Att.
1340 2137 1394 2159 VII
1413 2130 1433 2160 5
1453 2129 1472 2161 3
1492 2139 1584 2161 anno
1604 2130 1647 2161 50
1665 2132 1703 2160 et

151 2184 222 2207 xm
240 2176 283 2207 42
302 2177 322 2207 2
342 2186 434 2207 anno
453 2178 496 2208 45
515 2176 607 2208 diem
626 2187 728 2208 suum
747 2178 869 2209 eodem
888 2179 1028 2210 nomine
1047 2189 1219 2221 usurpans
1237 2188 1281 2211 111
1299 2190 1379 2211 non.
1400 2179 1592 2212 Ianuarias.
1641 2180 1702 2212 sed

154 2227 253 2258 illum
271 2237 375 2268 quem
392 2227 469 2259 dieo
487 2227 578 2259 diem
595 2237 633 2259 IX
650 2228 717 2260 kal.
735 2229 825 2267 Oct.,
839 2230 899 2270 qui
916 2230 1130 2272 Septembris
1146 2230 1303 2262 nondum
1319 2231 1518 2263 tricensimo
1535 2231 1590 2263 die
1606 2233 1703 2264 aucti

152 2278 243 2310 alter
256 2282 292 2310 et
307 2279 515 2310 uicensimus
528 2279 608 2318 fuit,
620 2279 728 2311 ferme
741 2281 967 2313 consentiunt
980 2292 1059 2313 euin
1074 2292 1147 2313 esse
1161 2283 1233 2323 qui,
1248 2283 1276 2313 si
1289 2283 1360 2313 iam
1374 2285 1451 2314 tum
1465 2283 1576 2314 ciuilis
1589 2293 1703 2315 annus

155 2330 199 2361 ad
213 2333 371 2362 nostram
384 2331 556 2362 rationem
570 2334 606 2362 et
619 2331 665 2362 ad
678 2342 817 2363 cursum
831 2333 912 2364 solis
925 2333 1211 2365 accommodatus
1224 2336 1326 2371 esset,
1340 2344 1430 2365 unus
1443 2337 1480 2365 et
1492 2335 1703 2366 uicensimus

151 2380 288 2419 fuisset,
315 2382 469 2422 quinque
495 2381 617 2414 diebus
642 2383 864 2424 aequinoctio
889 2384 1049 2425 priorem.
1097 2395 1138 2416 eo
1164 2388 1282 2416 autem
1308 2384 1375 2423 die,
1401 2385 1429 2416 si
1454 2395 1534 2416 cum
1559 2385 1704 2417 Manilio

154 2441 197 2463 111
213 2433 277 2464 257
293 2432 474 2465 Caesarem
490 2436 668 2465 auctorem
683 2435 861 2475 sequimur
875 2436 1098 2476 aequinoctia
1111 2439 1147 2467 et
1161 2436 1311 2467 solstitia
1324 2436 1361 2467 in
1376 2437 1510 2467 octauis
1524 2437 1703 2478 signorum

155 2483 316 2525 partibus
342 2484 628 2523 constituentem,
656 2485 706 2516 sol
733 2485 857 2517 Librae
883 2490 1021 2528 partem
1047 2487 1188 2518 tertiam
1215 2486 1370 2518 tenebat.
1417 2487 1488 2518 iam
1515 2487 1703 2520 Suetonius

155 2535 217 2566 uit.
242 2534 330 2576 Aug.
354 2536 374 2566 5
395 2535 594 2577 Augustum
615 2539 739 2568 natum
761 2537 867 2569 refert
886 2538 991 2577 paulo
1012 2541 1088 2569 ante
1108 2538 1189 2569 solis
1210 2541 1379 2575 exortum;
1414 2538 1509 2579 quod
1530 2539 1559 2570 si
1579 2549 1701 2570 uerum

155 2589 220 2624 est,
240 2587 353 2628 prima
371 2597 451 2628 pars
470 2587 594 2619 Librae
612 2591 675 2619 aut
692 2587 932 2630 horoscoparit
950 2599 1087 2621 necesse
1105 2592 1159 2621 est
1177 2592 1240 2621 aut
1257 2592 1350 2621 certe
1367 2600 1438 2621 non
1455 2590 1556 2632 longe
1575 2589 1702 2621 afuerit

157 2637 201 2668 ab
218 2637 420 2679 horoscopo.
469 2638 561 2670 idem
577 2639 661 2670 ibid.
681 2641 723 2671 94
741 2641 760 2671 5
777 2643 899 2671 notam
917 2651 956 2672 ac
974 2641 1155 2683 uulgatam
1172 2651 1244 2672 rem
1261 2651 1334 2673 esse
1351 2641 1437 2673 dicit
1453 2641 1490 2673 P.
1509 2641 1701 2683 Nigidium,

156 2691 198 2719 ut
219 2688 341 2720 horam
364 2692 487 2730 partus
509 2691 692 2732 acceperit,
716 2691 905 2723 affirmasse
927 2692 1109 2724 dominum
1131 2695 1303 2724 terrarum
1326 2693 1401 2724 orbi
1422 2696 1570 2730 natum;
1605 2692 1701 2733 quod

157 2740 283 2770 mirum
307 2741 343 2771 in
368 2740 512 2772 modum
537 2751 616 2772 cum
641 2741 694 2772 his
718 2742 916 2774 Manilianis
940 2744 1120 2774 concinere
1145 2746 1301 2784 apparet.
1350 2743 1487 2775 Tiberio
1511 2742 1596 2783 quid
1619 2752 1700 2774 cum

159 2790 263 2821 Libra
276 2790 382 2822 fuerit
395 2795 432 2822 et
445 2792 528 2833 quid
543 2802 622 2824 cum
637 2793 846 2834 Capricorno
861 2794 1019 2836 Augusto
1034 2794 1230 2826 uidebimus
1245 2794 1289 2826 ad
1304 2805 1336 2826 u.
1353 2795 1418 2826 776
1508 2794 1569 2825 547
1581 2797 1701 2826 chelae

157 2841 232 2879 (ΗΡ,
261 2845 361 2874 chela
387 2846 444 2875 LM
535 2844 597 2874 548
632 2849 785 2883 aequato
819 2849 914 2883 GLM,
942 2850 1117 2885 aequatus
1146 2846 1221 2878 cod.
1246 2846 1408 2878 Venetus.
1457 2845 1498 2876 Il.
1528 2844 1605 2876 Lat.
1636 2846 1702 2877 656
