1872 3183
172 151 227 190 36
760 146 822 189 M.
854 145 1107 188 MANILII

386 258 538 300 ultima
558 272 664 314 quos
683 257 838 313 gemini
857 257 1101 312 producunt
1120 257 1256 298 sidera
1277 257 1430 306 Pisces,

332 333 396 375 his
416 333 495 375 erit
514 333 557 374 in
576 338 760 388 pontum
780 332 984 382 studium,
1005 331 1226 386 uitamque
1244 330 1457 387 profundo

207 416 276 447 275
331 408 505 450 credent
525 412 568 449 et
587 421 751 463 puppes
771 411 848 448 aut
866 406 1081 462 puppibus
1101 420 1219 447 arma
1238 406 1454 461 parabunt

333 482 536 537 quicquid
556 486 599 523 et
617 481 662 523 in
680 481 873 537 proprios
893 480 1066 536 pelagus
1086 480 1298 522 desiderat
1317 494 1430 522 usus.

332 557 577 598 innumerae
597 556 776 597 ueniunt
795 560 907 597 artes
927 570 936 597 :
972 555 1047 597 uix
1065 555 1237 596 nomina
1256 555 1381 596 rebus

334 631 562 681 sufficiunt,
583 635 651 672 tot
670 635 771 672 sunt
790 645 948 685 paruae
967 644 1136 685 quoque
1156 629 1345 670 membra
1364 628 1544 670 carinae.

332 706 441 747 adde
460 705 724 761 gubernandi
743 705 947 746 studium.
1004 704 1198 759 peruenit
1217 703 1261 744 in
1280 708 1395 745 astra

207 788 276 820 280
333 786 377 822 et
395 785 577 836 pontum
596 780 712 822 caelo
732 779 879 822 uincit.
937 784 980 820 et
999 778 1166 820 nouerit
1186 778 1330 820 orbem

333 854 592 910 fluminaque
613 859 657 896 et
675 859 837 909 portus,
858 853 1067 895 mundum
1086 857 1334 908 uentosque,
1355 866 1522 894 necesse
1542 856 1606 893 est

334 930 503 984 iamque
522 929 604 971 11110
625 934 756 984 atque
775 928 872 970 illuc
893 928 1044 984 agilem
1063 932 1308 970 conuertere
1327 927 1498 969 clauum

333 1009 376 1046 et
395 1004 558 1046 frenare
578 1009 714 1046 ratem
734 1003 973 1058 fluctusque
993 1002 1207 1044 effundere
1226 1006 1375 1052 rector,

167 1163 374 1203 πράγματοσ,
403 1160 497 1192 Vett.
526 1160 600 1192 Val.
628 1171 661 1202 p.
692 1162 732 1193 13
770 1162 832 1192 1-8
865 1161 998 1201 Ἰχθύεσ
1016 1185 1022 1191 .
1044 1185 1050 1191 .
1073 1185 1078 1191 .
1101 1163 1292 1200 πολύγονον,
1314 1184 1320 1190 .
1343 1183 1350 1192 ‚
1371 1184 1376 1190 .
1399 1160 1621 1198 πολυκίνητον,
1641 1183 1646 1189 .
1669 1181 1677 1190 .
1697 1181 1706 1189 .

166 1215 395 1255 εὐμετάβολον,
421 1236 428 1244 .
452 1236 460 1244 .
484 1237 491 1244 .
516 1215 542 1244 οἱ
576 1215 628 1244 οὖν
667 1215 859 1253 ’γεννώμενοι
900 1215 1046 1250 ἄστατοι,
1096 1214 1284 1252 ἀμφίβολοι,
1308 1235 1316 1242 .
1340 1235 1346 1241 .
1371 1234 1379 1242 .
1403 1213 1576 1250 πολύγονοι

211 1266 273 1297 273
306 1264 429 1296 ultima
457 1263 601 1302 zodiaci,
634 1263 711 1296 Sen.
748 1264 835 1305 Thy.
868 1264 932 1295 866
958 1264 1080 1295 ultima
1104 1263 1190 1294 caeli
1213 1263 1324 1294 sidera
1354 1261 1478 1293 Pisces.
1526 1260 1710 1292 collocatio

167 1317 353 1349 uerborum
370 1316 611 1357 appositorum
623 1316 745 1347 eadem
757 1320 810 1347 est
826 1315 903 1347 Sen.
923 1315 994 1347 HJ.
1016 1317 1057 1347 14
1071 1315 1163 1346 clara
1178 1314 1303 1355 {semini
1319 1314 1418 1354 sigma
1434 1313 1652 1354 Tyndaridae

254 1369 319 1400 274
346 1368 426 1399 uide
464 1368 529 1398 252
621 1368 683 1398 275
713 1373 749 1400 et
777 1372 846 1405 LM,
875 1371 913 1400 in
948 1371 973 1399 G
1062 1367 1125 1398 278
1160 1366 1306 1398 membra
1334 1365 1481 1403 carinae,
1505 1367 1584 1406 μέρη
1617 1366 1710 1401 νεώσ,

164 1423 372 1452 enumerant
397 1419 521 1451 Pollux
546 1427 559 1450 1
585 1420 694 1451 85-92
719 1423 755 1451 et
779 1419 934 1451 Isidorus
959 1420 1041 1460 orig.
1068 1427 1133 1450 XIX
1158 1419 1178 1449 2
1269 1418 1333 1449 279
1356 1419 1519 1456 peruenit
1534 1419 1572 1448 111
1596 1415 1710 1453 GL2M‚

166 1476 330 1511 peruenit
345 1475 379 1509 L,
393 1480 460 1502 om.
477 1470 552 1502 cod.
569 1470 724 1503 Venetus
813 1471 878 1502 280
895 1474 1007 1503 uincit
1020 1474 1115 1507 ΘΒΜ,
1129 1473 1246 1502 iunxit
1263 1469 1337 1500 cod.
1354 1469 1520 1507 Venetus,
1534 1467 1711 1500 coniunxit

165 1525 307 1565 (omisso
326 1524 368 1563 ct)
386 1522 461 1554 cod.
484 1522 582 1554 Bodl.
603 1526 639 1554 et
656 1522 807 1554 editores
825 1522 954 1554 Iacobo
973 1523 1103 1564 priores
1120 1522 1273 1553 numeris
1284 1531 1354 1552 non
1373 1521 1483 1562 magis
1500 1519 1711 1557 Manilianis,

166 1577 279 1607 uinxit
296 1579 342 1607 set
358 1575 396 1606 L.
415 1574 600 1606 Muellerus
617 1574 660 1606 de
677 1584 752 1606 r.m.
772 1585 804 1616 p.
824 1576 888 1606 333
906 1574 958 1605 ed.
975 1576 1004 1611 l,
1017 1573 1112 1614 quod
1129 1583 1231 1604 sensu
1248 1574 1322 1614 ipso
1340 1573 1468 1613 requiri
1484 1572 1571 1603 dicit
1586 1583 1593 1602 :
1625 1570 1712 1602 mihi

164 1638 284 1660 sensus
299 1630 346 1658 set
359 1625 468 1658 nihilo
484 1627 598 1657 minus
614 1636 720 1667 quam
733 1629 761 1657 et
775 1635 935 1666 respuere
947 1625 1097 1663 uidetur,
1109 1628 1202 1656 certe
1213 1624 1442 1665 praeteritum
1457 1622 1555 1654 uerbi
1570 1625 1711 1663 tempus

165 1689 235 1710 non
267 1680 413 1720 requirit
503 1688 593 1719 quae
620 1678 656 1708 in
683 1677 780 1709 libris
807 1677 993 1714 habentur,
1022 1686 1158 1718 scopae,
1176 1675 1270 1717 quod
1299 1676 1410 1713 aiunt,
1439 1675 1573 1706 solutae
1601 1676 1713 1710 sunt;

165 1741 248 1762 nam
264 1733 301 1762 et
315 1731 351 1762 in
367 1741 400 1763 u.
418 1731 484 1762 279
500 1729 717 1761 desideratur
728 1729 906 1760 uinculum
922 1728 1090 1760 orationis
1105 1731 1142 1759 et
1156 1728 1192 1759 in
1208 1728 1273 1759 280
1289 1727 1389 1758 adest
1403 1727 1563 1768 ineptum
1580 1725 1604 1766 (ί
1619 1725 1711 1757 adde

164 1782 383 1823 gubernandi
408 1782 563 1813 studium
595 1783 623 1811 et
653 1790 791 1811 necesse
821 1783 875 1811 est
909 1782 1023 1811 rector
1052 1779 1191 1810 clauum
1222 1781 1424 1809 conuertere
1453 1777 1642 1816 nouerit'),
1670 1780 1711 1809 ut

167 1837 313 1874 uterque
335 1843 455 1865 uersus
478 1832 612 1864 medius
634 1832 769 1863 externi
792 1831 925 1872 aliquid
947 1834 983 1862 et
1004 1830 1143 1862 fortuiti
1165 1830 1284 1861 damni
1302 1829 1516 1861 contraxisse
1533 1828 1709 1866 uideatur,

164 1885 261 1926 quod
292 1885 340 1916 sic
371 1884 627 1917 resarciendum
658 1893 731 1914 esse
762 1893 884 1914 censeo
916 1885 957 1914 ut
987 1882 1087 1914 alteri
1112 1891 1304 1923 pronomen
1334 1881 1522 1912 relatiuum
1553 1880 1712 1917 accedat,

165 1937 266 1968 alteri
295 1937 443 1968 molesta
470 1935 633 1967 dematur
660 1935 860 1967 coniunctio
883 1944 963 1965 cum
988 1944 1099 1975 eaque
1127 1933 1242 1965 breuis
1271 1932 1425 1974 syllabae
1452 1931 1709 1973 producendae,

165 1999 238 2030 qua
255 1989 298 2020 de
315 1999 351 2020 re
368 1989 441 2020 dixi
458 1988 503 2020 ad
520 1997 533 2019 1
553 1989 593 2020 10
610 1989 646 2018 et
663 1996 701 2018 1v
718 1987 772 2024 53,
790 1987 987 2018 necessitas.
1037 1986 1157 2026 itaque
1174 1985 1264 2016 hanc
1282 1984 1352 2015 fere
1370 1984 1436 2015 loci
1459 1983 1585 2015 faciem
1602 1983 1710 2015 fuisse

161 2041 318 2072 conicio:
350 2040 433 2072 adde
450 2038 658 2080 qubernandi
683 2038 844 2075 studium,
859 2037 954 2078 quod
972 2037 1065 2068 uenit
1083 2037 1121 2068 in
1140 2039 1231 2068 astra
1253 2034 1256 2079 Ι
1277 2039 1305 2067 et
1325 2038 1467 2075 pontum
1484 2035 1574 2066 caelo
1590 2035 1708 2066 uincit.

168 2092 258 2123 bene
292 2092 424 2123 nouerit
444 2090 552 2123 orbem
573 2093 639 2122 etc.
688 2100 765 2121 raro
783 2089 925 2121 datiuus
947 2087 1122 2120 uinciendi
1144 2087 1251 2119 uerbo
1274 2087 1487 2129 adiungitur,
1509 2086 1570 2118 sed
1592 2086 1710 2118 Cicero

165 2144 265 2176 Tusc.
292 2152 322 2175 11
346 2144 388 2175 23
414 2143 590 2183 reliqatum
614 2141 744 2181 asperis
766 2139 770 2184 1
791 2141 1006 2181 uinctumque
1029 2140 1133 2177 saxi&
1160 2139 1342 2171 Lucretius
1366 2147 1389 2170 v
1414 2139 1523 2170 551-3
1546 2141 1632 2169 terra
1646 2162 1653 2169 .
1673 2162 1681 2169 .
1701 2162 1709 2169 .

161 2195 253 2227 «caelo
297 2219 304 2227 .
324 2219 331 2226 .
350 2194 510 2226 reuincta.
559 2193 679 2226 similis
706 2193 901 2224 sententiae
928 2201 1034 2223 causa
1061 2191 1220 2222 adscribo
1248 2190 1330 2221 Luc.
1360 2199 1428 2221 V111
1457 2190 1520 2221 168
1547 2199 1597 2230 sq.
1627 2198 1711 2230 quae

163 2246 209 2278 sit
231 2256 388 2278 mensura
410 2245 546 2277 secandi
567 2243 571 2288 Ι
591 2244 744 2285 aequoris
766 2244 804 2275 in
826 2243 925 2281 caelo,
949 2242 1024 2275 Val.
1050 2243 1100 2274 Fl.
1126 2251 1139 2273 1
1162 2243 1271 2274 481-3
1298 2241 1429 2281 Tiphys
1446 2265 1453 2272 .
1473 2265 1480 2272 .
1500 2265 1507 2272 .
1526 2240 1630 2272 stellis
1653 2240 1713 2280 qui

163 2297 320 2338 seqnibus
341 2307 441 2329 usum
463 2296 467 2340 Ι
487 2300 516 2328 et
536 2296 625 2328 dedit
645 2305 820 2336 aequoreos
839 2295 929 2326 caelo
949 2295 1030 2326 duce
1051 2294 1178 2326 tendere
1198 2302 1328 2331 cursus,
1350 2293 1454 2324 Firm.
1479 2292 1588 2323 math.
1612 2300 1626 2322 1
1647 2293 1668 2323 4
1689 2293 1712 2322 4

163 2350 240 2390 quis
273 2349 311 2381 in
335 2349 425 2380 caelo
457 2349 518 2380 iter
554 2348 660 2379 maris
681 2347 769 2379 uidit
784 2348 809 2385 ?,
846 2346 911 2378 hoc
948 2349 1002 2377 est
1035 2347 1130 2386 (nam
1168 2345 1375 2376 aberrarunt
1411 2343 1648 2375 Mommsenus
1673 2346 1711 2374 et

166 2401 373 2440 Dresselius)
399 2400 497 2441 ‘quis
520 2399 694 2431 intellexit
718 2399 979 2440 nauigationem
1002 2398 1039 2428 in
1064 2396 1278 2428 astronomia
1294 2398 1454 2427 constare
1471 2397 1485 2427 ’.Ρ
1501 2395 1509 2408 ’
1601 2393 1710 2426 orbem

161 2452 250 2484 dicit
281 2454 480 2484 terrestrem
571 2450 632 2481 281
664 2453 834 2482 mundum
864 2453 898 2481 M
936 2448 1011 2480 cod.
1045 2448 1211 2485 Venetus,
1243 2446 1337 2488 quod
1368 2447 1501 2488 primus
1533 2446 1711 2477 Breiterus

165 2514 235 2535 non
252 2503 417 2545 neglexit,
437 2505 589 2535 mundus
614 2502 679 2533 nisi
696 2501 798 2532 fallor
812 2505 835 2533 L
851 2500 1027 2541 (idemque
1044 2500 1198 2539 uentus),
1215 2501 1336 2530 mundi
1361 2498 1434 2530 GL2.
1483 2497 1565 2529 Luc.
1588 2506 1627 2529 lx
1643 2498 1709 2528 412

165 2558 281 2586 uentos
313 2555 505 2595 caelumque
595 2553 856 2584 distinctionem
889 2553 925 2583 in
959 2552 1026 2583 fine
1060 2561 1180 2583 uersus
1214 2550 1311 2591 Fayo
1344 2552 1534 2591 praeeunte
1566 2548 1710 2580 sustulit

167 2606 367 2638 Bechertus.
417 2605 501 2637 ordo
531 2608 585 2636 est
615 2614 744 2636 necesse
773 2607 819 2635 est
848 2607 949 2635 rector
979 2602 1110 2634 nouerit
1134 2601 1243 2633 orbem
1270 2601 1464 2641 noueritqae
1496 2602 1705 2632 conuertere:

165 2658 217 2689 ita
237 2666 250 2689 1
270 2659 309 2689 91
333 2667 383 2698 sq.
407 2657 542 2697 linquas
562 2656 704 2688 didicere
725 2655 911 2692 uolucrum,
934 2653 939 2697 Ι
958 2653 1145 2685 consultare
1158 2652 1265 2693 fibras
1285 2655 1349 2684 etc.
1399 2652 1462 2683 282
1481 2655 1566 2683 illuc
1583 2654 1618 2687 G,
1639 2654 1707 2682 huc

168 2712 201 2740 Μ
224 2712 260 2740 et
283 2719 367 2740 corr.
394 2719 437 2739 ex
460 2712 526 2740 hui
550 2706 659 2748 (quod
684 2707 771 2738 hunc
794 2706 955 2738 futurum
977 2705 1101 2745 fuit)1.
1190 2707 1320 2742 agilem
1344 2703 1465 2736 Susius
1489 2712 1510 2734 a
1534 2702 1706 2742 Scaligero

166 2763 472 2797 commemoratus,
490 2762 619 2797 aligem
637 2762 661 2790 G
683 2761 723 2789 ut
747 2766 770 2789 v
794 2758 847 2795 62,
868 2759 1055 2794 caliginem
1078 2759 1111 2793 L,
1130 2758 1281 2794 caligine
1301 2759 1344 2787 M.
1393 2763 1405 2785 1
1432 2754 1494 2785 198
1517 2763 1567 2794 sq.
1589 2761 1708 2783 eureus

168 2835 175 2841 .
195 2834 203 2841 .
224 2835 230 2841 .
250 2811 390 2852 reflectat
411 2809 415 2853 Ι
435 2810 498 2842 huc
524 2810 605 2841 illuc
631 2809 735 2849 aqiles
824 2809 887 2839 283
914 2811 1090 2840 effundere
1116 2811 1211 2844 GLM,
1237 2810 1397 2839 effindere
1432 2805 1470 2836 L²
1495 2807 1531 2835 et
1556 2803 1707 2835 editores

168 2872 300 2900 omneS,
334 2872 427 2894 nouo
461 2861 568 2893 uerbo
602 2862 727 2902 cuique
761 2859 1048 2901 significationem
1082 2858 1177 2890 haud
1210 2858 1311 2890 facile
1344 2857 1511 2889 inuenias.
1558 2854 1710 2887 effundit
