1872 3183
252 119 307 157 98
840 115 902 156 Μ.
935 115 1189 157 MANILII

291 235 383 266 744A
413 227 525 269 lance
544 227 616 269 ubi
635 226 694 268 sol
713 241 841 281 aequa
857 234 1004 282 pensat
1021 235 1248 282 noctemque
1266 228 1448 283 diemque

291 309 358 340 745
414 302 622 344 Cancrum
641 302 751 343 inter
770 301 1038 357 gelidumque
1058 302 1243 356 Oaprmn
1261 317 1335 358 per
1354 308 1547 359 bempora
1567 303 1689 353 ueris,

415 376 572 417 adserit
590 376 635 416 in
653 375 762 417 uires
782 380 963 431 ponbum
983 391 1110 431 quem
1129 377 1289 418 uicerat
1308 377 1409 433 ipse,

414 450 574 505 uirgine
594 450 766 505 delapsa
785 465 882 492 oum
902 450 1077 492 irai-‚rem
1097 451 1153 492 ad
1171 450 1294 493 litora
1314 452 1432 494 uexib

414 529 458 566 eb
477 525 610 566 minui
630 524 803 566 defleuiss
822 539 928 566 onus
947 525 1203 580 dorsumque
1222 525 1365 568 leuari.

413 599 533 640 illum
552 599 682 640 etiam
700 604 903 641 ueneram
923 599 1024 641 colit]
1043 600 1182 641 uicina
1202 600 1427 656 Proponbis

291 681 357 712 750
414 678 458 714 ef,
477 674 622 728 Syriae
641 678 786 728 gentes
806 678 850 715 οὑ
869 674 965 715 laxo
985 674 1122 715 Persis
1142 674 1301 716 amictu

413 748 603 790 uestibus
622 748 714 803 ipsa
733 748 818 789 suis
838 748 1013 790 haerens
1033 748 1237 804 Nilusque
1257 754 1494 791 tumescens

249 861 443 894 referantur
461 862 520 894 illa
535 872 597 904 per
615 865 764 904 tempora
781 864 882 901 ueris,
902 874 1014 905 neque
1033 864 1125 895 enim
1145 874 1224 895 uere
1244 867 1385 896 tantum
1403 864 1500 896 Aries
1520 863 1580 896 sed
1599 867 1675 896 toto
1695 873 1789 896 anno

249 913 402 946 medium
429 914 612 952 mundum,
639 913 704 946 hoc
731 918 784 946 est
811 918 1048 956 aequatorem,
1077 915 1222 947 obtinet.
1271 925 1485 957 quamquam
1511 915 1657 947 fortasse
1685 925 1787 947 uersu

248 965 312 996 745
335 965 449 997 medio
471 965 674 998 exoiderunb
696 976 785 1007 quae
807 965 943 998 desunt.
983 975 997 998 1
1019 967 1128 998 575-8
1151 966 1311 1007 (circulus
1329 967 1603 1008 aequinoctialis)
1622 967 1660 998 in
1676 967 1787 999 media

247 1017 368 1049 mundi
406 1018 536 1058 reyione
574 1017 700 1049 locatus
716 1042 723 1048 .
743 1042 750 1049 .
770 1042 777 1049 .
796 1028 863 1059 qua
902 1018 1029 1050 lumine
1067 1017 1219 1050 Phoebus
1241 1016 1245 1061 Ι
1264 1018 1421 1059 conponit
1456 1018 1598 1059 paribus
1637 1019 1790 1050 numeris

245 1071 434 1109 noctemque
453 1069 603 1110 diemque
624 1066 629 1111 Ι
647 1069 738 1100 ueris
759 1072 787 1100 et
807 1070 964 1101 autumni
983 1079 1117 1100 currens
1134 1079 1196 1110 per
1215 1072 1362 1110 tempora
1382 1069 1497 1107 mixta,
1519 1067 1524 1113 Ι
1544 1079 1619 1102 cum
1639 1069 1786 1102 medium

247 1120 379 1160 aequali
401 1120 578 1161 distinquit
599 1120 705 1152 limite
726 1121 864 1158 caelum,
889 1129 933 1153 111
956 1121 1019 1152 646
1043 1130 1092 1162 sq.
1121 1121 1221 1153 Aries
1248 1120 1417 1153 Phoebum
1451 1124 1644 1161 repetentem
1676 1120 1787 1153 sidera

246 1172 371 1203 Cancri
390 1170 396 1214 Ι
415 1172 500 1204 inter
536 1172 751 1213 principium
790 1173 915 1204 reditus
947 1173 1115 1213 finemque
1154 1176 1273 1204 coercet
1360 1173 1423 1205 745
1465 1182 1609 1212 caprum
1649 1171 1786 1204 addidit

247 1224 437 1264 Bentleius,
462 1227 556 1268 quod
579 1238 640 1269 per
664 1231 707 1269 k?
731 1230 853 1259 notam
876 1228 1044 1268 seriphum
1067 1226 1172 1259 fuerit
1195 1227 1231 1258 in
1254 1236 1356 1258 uersu
1378 1227 1540 1268 longiore.
1588 1227 1699 1268 Capro
1722 1237 1793 1269 pro

245 1277 453 1319 Capricorno
470 1280 624 1320 positum
641 1285 694 1312 est>
711 1289 739 1312 11
759 1280 833 1317 179,
851 1278 912 1310 ubi
928 1279 1028 1320 plura
1044 1278 1204 1320 exempla
1221 1278 1325 1310 attuli
1342 1288 1431 1320 quae
1447 1279 1484 1310 in
1500 1278 1587 1311 thes.
1605 1278 1686 1320 ling.
1706 1278 1782 1310 Lat.

244 1329 494 1363 desiderantur.
542 1331 656 1364 Nonn.
673 1333 773 1364 Dion.
790 1340 819 1363 11
836 1332 899 1363 658
916 1334 952 1362 et
966 1339 1112 1362 XXXVIII
1129 1331 1193 1362 285
1207 1333 1364 1372 Καρκίνον
1378 1332 1600 1363 σ’,ντικέλευθον
1617 1333 1786 1363 ἀθαλπέοσ

244 1394 443 1434 Αἰγοκερῆοσ
532 1398 628 1426 ueris
651 1394 747 1426 Voss.
772 1395 812 1425 18
829 1396 864 1425 et
890 1392 1063 1427 Bentleie,
1086 1396 1204 1425 uei-xis
1230 1396 1325 1430 GLM,
1343 1391 1408 1424 hoc
1433 1394 1486 1424 esb
1510 1380 1618 1430 neiis,
1643 1395 1683 1424 ut
1707 1392 1781 1424 Liu.

243 1452 335 1475 XXVI
347 1444 390 1476 20
406 1445 443 1476 11
462 1446 652 1478 maaeritimo
670 1456 732 1488 pro
751 1446 930 1482 maritimo,
945 1444 1019 1476 Val.
1037 1444 1086 1476 Fl.
1102 1453 1140 1475 IV
1155 1445 1219 1476 362
1232 1454 1349 1475 caraxe
1363 1454 1425 1485 pro
1440 1454 1546 1482 carae,
1565 1443 1656 1475 Man.
1677 1452 1701 1475 v
1719 1444 1783 1475 218

242 1495 416 1535 proximae
434 1497 605 1538 (pa-imas)
622 1508 685 1539 pro
707 1498 863 1539 primas;
894 1506 1108 1538 quamquam
1134 1496 1333 1537 Postgatius
1359 1495 1433 1527 silu.
1465 1495 1557 1527 Man.
1586 1506 1619 1537 p.
1639 1496 1682 1527 58
1699 1496 1735 1527 in
1762 1507 1784 1527 a:

243 1546 361 1578 littera
385 1547 582 1589 Capricorni
599 1552 720 1580 notam
745 1548 813 1580 huc
831 1548 1014 1580 traiectam
1035 1547 1191 1588 agnoscit
1281 1547 1344 1579 746
1361 1550 1496 1580 adserit
1513 1551 1558 1584 M,
1576 1550 1706 1580 arserit
1723 1551 1780 1580 GL.

244 1598 367 1630 adserit
379 1599 418 1630 in
427 1600 518 1631 uires
530 1610 600 1632 non
614 1601 728 1632 minus
743 1599 914 1641 singulare
925 1602 977 1631 est
989 1609 1095 1640 quam
1106 1598 1201 1640 quod
1212 1608 1313 1630 uersu
1325 1599 1389 1630 700
1404 1597 1552 1630 habetur
1639 1601 1782 1639 pontum

243 1659 323 1681 eum
355 1660 452 1691 quem
484 1652 619 1689 uicerat,
655 1651 921 1693 Hellespontum
1010 1654 1086 1689 ipse
1119 1649 1204 1687 ΠΜ,
1237 1654 1316 1689 ipsa
1348 1653 1398 1682 GL
1430 1649 1505 1681 cod.
1541 1649 1694 1681 Venetus

286 1702 349 1733 748
367 1705 479 1734 minui
497 1703 572 1740 GL2,
585 1707 714 1736 minuti
731 1707 788 1736 ΒΜ
879 1703 941 1734 750
960 1707 995 1734 et
1014 1705 1122 1734 siriae
1139 1701 1187 1739 L²‚
1206 1706 1241 1734 et
1261 1706 1353 1734 sirae
1371 1705 1408 1738 G,
1427 1711 1445 1733 e
1463 1704 1557 1734 sirac
1574 1705 1644 1734 Lm.
1691 1700 1783 1733 Ptol.

244 1755 323 1784 tetr.
339 1753 392 1784 ed.
411 1754 494 1786 1553
512 1765 545 1795 p.
563 1756 604 1787 73
623 1754 764 1795 (desunt
781 1754 865 1786 haec
880 1754 916 1785 in
933 1753 985 1785 ed.
1009 1755 1107 1793 1535)
1126 1753 1212 1794 Κριῷ
1231 1777 1239 1784 .
1259 1777 1266 1784 .
1286 1777 1294 1784 .
1316 1755 1419 1792 Κοίλη
1436 1755 1544 1794 Συρία,
1563 1754 1779 1792 Παλαιστίνη,

243 1804 418 1844 Ἰδουμαία,
445 1805 594 1845 Ἰουδαία,
624 1806 718 1838 vett.
740 1805 814 1838 Val.
839 1816 871 1847 p.
900 1806 920 1836 6
948 1805 1032 1836 14—ss
1058 1805 1146 1846 Κριῷ
1164 1828 1171 1835 .
1191 1828 1199 1835 .
1218 1828 1225 1835 .
1246 1806 1396 1845 ἀριστερὰ
1422 1806 1520 1845 Συρία
1545 1806 1648 1843 Κοίλη
1675 1807 1728 1836 καὶ
1753 1807 1783 1836 οἱ

243 1859 393 1897 συνεχεῖσ
418 1859 522 1895 τόποι,
548 1857 737 1899 Hipparch.
765 1868 820 1899 ap.
848 1856 960 1898 Heph.
988 1856 1094 1888 Theb.
1113 1864 1126 1887 1
1144 1856 1159 1886 l
1178 1866 1209 1897 p.
1229 1857 1269 1887 47
1287 1857 1328 1888 23
1352 1865 1402 1896 sq.
1420 1858 1502 1887 κατὰ
1528 1857 1586 1894 τὴν
1611 1857 1705 1898 ῥάχιν
1730 1858 1783 1888 καὶ

243 1910 365 1940 κοιλίαν
383 1932 391 1939 .
411 1932 419 1940 .
439 1932 446 1940 .
468 1911 566 1951 Συρία
592 1910 671 1949 (nisi
687 1909 777 1941 forte
795 1911 914 1940 Σουσία
940 1907 1159 1939 scribendum
1179 1910 1233 1938 est
1258 1910 1297 1938 ut
1317 1907 1391 1939 Val.
1414 1917 1447 1948 p.
1470 1908 1490 1938 6
1513 1907 1566 1947 18)
1657 1911 1782 1946 gentes

242 1963 288 1996 Μ,
305 1962 423 1999 gentis
442 1964 490 1992 GL
580 1961 704 1993 Persis.
728 1960 824 1992 Paul.
847 1959 943 1991 Alex.
967 1959 996 1991 B
1018 1959 1037 1990 2
1059 1961 1242 2000 προσπαθεῖ
1257 1983 1265 1990 .
1286 1982 1293 1990 .
1313 1982 1321 1990 .
1355 1961 1371 1991 ὁ
1386 1961 1443 1997 μὲν
1460 1960 1562 1999 Κριὸσ
1578 1958 1618 1999 τῇ
1635 1961 1779 2001 Περσίδι,

243 2010 338 2043 Vett.
360 2010 435 2043 Val.
454 2011 500 2043 l.l.
521 2012 610 2054 Κριῷ
627 2036 634 2044 .
651 2036 659 2044 .
679 2036 687 2043 .
709 2013 793 2050 δεξιὰ
810 2014 944 2053 Περσίσ,
963 2010 1152 2052 Hipparch.
1173 2020 1227 2051 ap.
1248 2009 1361 2051 Heph.
1381 2009 1426 2041 1.1.
1448 2012 1528 2042 κατὰ
1545 2013 1603 2049 τὴν
1617 2011 1712 2051 ῥάχιν
1730 2013 1783 2042 καὶ

242 2065 364 2094 κοιλίαν
406 2065 541 2103 Περσίσ.
599 2063 740 2095 Persida
775 2063 860 2094 dicit
902 2072 992 2104 quae
1034 2062 1170 2104 proprie
1206 2062 1257 2093 ita
1299 2061 1495 2103 appellatur
1535 2064 1665 2093 terram
1691 2061 1781 2093 circa

243 2113 440 2156 Persepolin
455 2118 490 2146 eb
505 2115 719 2156 Pasargadas
734 2115 916 2151 iacentem,
932 2113 1019 2147 Susa
1033 2114 1126 2145 enim
1142 2113 1297 2145 Piscibus
1311 2112 1467 2145 subiecta
1481 2115 1563 2144 sunt
1577 2123 1611 2144 u.
1628 2113 1693 2145 804

290 2166 298 2179 ‘
312 2165 358 2198 ob
375 2166 574 2205 lanificium,
587 2167 670 2208 quja
681 2166 730 2198 illi
741 2167 836 2208 genti
849 2166 970 2208 longae
983 2168 1097 2197 uestes
1111 2165 1119 2178 ’
1139 2165 1297 2206 Scaliger.
1345 2164 1420 2196 laxo
1432 2165 1556 2196 amictu
1569 2163 1783 2205 significatur

242 2219 362 2250 κάνδυσ
385 2218 440 2249 uel
469 2218 661 2250 sarabarae.
710 2218 798 2250 Ptol.
818 2220 898 2250 tetr.
916 2227 950 2259 p.
972 2218 1035 2249 17¹¹-
1058 2220 1086 2249 οἱ
1107 2219 1244 2249 ἐνταῦθα
1263 2219 1309 2256 (ἐν
1327 2216 1366 2257 τῇ
1384 2216 1540 2257 Περσικῇ)
1565 2218 1703 2248 στολαῖσ
1722 2218 1781 2255 μὲν

241 2272 397 2311 ἀνθηραῖσ
413 2273 565 2311 χρῶνται,
582 2273 888 2302 κατακαλύπτοντεσ
904 2271 1039 2301 ἑαυτοὺσ
1055 2272 1152 2301 ὅλουο·
1168 2270 1254 2307 πλὴν
1269 2271 1325 2300 τοῦ
1339 2269 1492 2307 στήθουσ,
1513 2267 1602 2299 Xen.
1618 2266 1695 2308 Cyr.
1715 2275 1784 2299 VIn

245 2321 260 2352 l
285 2322 338 2358 40.
354 2320 468 2352 Amm.
484 2320 588 2353 Mare.
599 2330 696 2353 xxm
712 2321 732 2352 6
750 2321 804 2358 84,
817 2320 900 2352 Isid.
914 2321 996 2362 orig.
1008 2328 1074 2351 xlx
1087 2320 1129 2352 23
1149 2320 1164 2351 1
1185 2329 1249 2361 sq„
1262 2318 1342 2350 Luc.
1358 2326 1428 2350 vm
1440 2318 1504 2350 367
1522 2327 1572 2359 sq.
1587 2318 1659 2350 illic
1671 2317 1780 2360 (apud

242 2372 425 2412 orientem)
445 2375 474 2403 et
491 2372 587 2404 lazas
604 2375 710 2404 uestes
733 2375 761 2403 et
779 2372 879 2414 fluxa
897 2372 1050 2403 uirorum
1071 2369 1075 2414 Ι
1094 2371 1282 2402 uelamenta
1299 2369 1404 2407 uides,
1419 2368 1506 2400 Iust.
1520 2377 1583 2401 xm
1603 2370 1618 2400 1
1640 2370 1661 2400 4
1678 2369 1783 2401 uestis

242 2446 250 2454 .
270 2447 277 2454 .
297 2447 304 2454 .
324 2422 439 2455 Medis
458 2424 634 2464 perlucida
654 2433 693 2455 ac
709 2423 834 2465 fluida,
857 2422 985 2464 Appul.
1010 2421 1083 2454 flor.
1109 2423 1129 2453 6
1146 2422 1261 2463 fluxos
1283 2421 1429 2453 uestium
1451 2420 1645 2458 Arsacidas,
1664 2420 1780 2462 Priap.

241 2474 284 2506 46
308 2476 329 2506 5
352 2474 395 2506 M
397 2475 466 2506 edis
490 2475 597 2507 laxior
615 2475 789 2507 Indicisue
812 2475 919 2506 bracis
1008 2474 1070 2506 751
1089 2473 1237 2510 haerens,
1256 2471 1469 2514 praepedita,
1486 2476 1527 2504 ut
1548 2472 1631 2504 Luc.
1653 2481 1694 2504 lx
1713 2474 1779 2504 486

237 2536 288 2567 sq.
308 2527 370 2558 uix
383 2526 494 2559 tollere
508 2527 605 2559 miles
622 2525 628 2570 Ι
641 2527 787 2559 membra
796 2527 885 2558 ualet
898 2526 1001 2558 multo
1013 2529 1167 2566 conyestu
1181 2524 1337 2566 pulueris
1349 2524 1498 2556 haerens.
1547 2523 1624 2555 dico
1640 2526 1788 2565 propter

242 2578 449 2619 Pingraeum
476 2581 513 2610 et
541 2578 746 2615 Breiterum,
776 2578 836 2619 qui
864 2588 950 2619 quos
983 2577 1147 2608 Manilius
1180 2576 1260 2608 laxo
1289 2576 1420 2607 amictu
1449 2585 1530 2607 usos
1559 2574 1668 2606 tradit
1696 2575 1782 2607 artis

241 2630 459 2661 uestimentis
484 2630 688 2661 constrictos
714 2629 861 2671 fingunt.
910 2628 1131 2660 Herodianus
1157 2627 1236 2659 hist.
1272 2635 1309 2659 1v
1344 2628 1380 2659 ll
1404 2627 1424 2658 6
1447 2626 1490 2658 de
1514 2625 1652 2658 Parthis
1676 2628 1713 2658 τὸ
1745 2629 1781 2658 δὲ

237 2683 352 2713 λοιπὸν
380 2684 509 2721 πλῆθοσ
536 2684 690 2714 ἐκόπτετο
717 2684 780 2713 τῶν
805 2682 977 2722 βαρβάρων
1000 2683 1071 2713 οὔτε
1095 2683 1174 2712 τοὺσ
1196 2681 1318 2711 ἵππουσ·
1342 2681 1482 2719 ἐχόντων
1500 2702 1508 2709 .
1528 2702 1535 2709 .
1556 2702 1563 2709 .
1583 2680 1654 2709 οὔτε
1675 2677 1783 2719 δρόμῳ

238 2734 423 2774 χρήσασθαι
449 2735 628 2771 δυναμένων
654 2735 737 2774 πρόσ
763 2735 880 2773 φυγὴν,
904 2734 1139 2771 ἐμποδιζούσησ
1158 2733 1277 2763 αὑτοὺο·
1298 2732 1360 2769 τῆσ·
1382 2732 1454 2771 περὶ
1473 2732 1545 2762 rofa·
1564 2731 1641 2761 ποσὶ
1659 2731 1781 2769 χαύνου

236 2786 387 2824 ἐσθῆτοσ,
422 2784 461 2815 15
487 2784 507 2816 3
533 2786 616 2825 πρόο-
640 2797 675 2815 τε
707 2786 744 2816 τὸ
769 2786 882 2824 φυγεῖν
910 2787 930 2823 ἢ
959 2785 1076 2822 διῶξαι,
1105 2785 1133 2814 εἰ
1160 2784 1235 2820 δέοι,
1261 2783 1323 2814 ὑπὸ
1350 2784 1412 2820 τῆο·
1437 2783 1508 2822 περὶ
1532 2782 1603 2812 τοῖο-
1630 2782 1779 2812 σκέλεσιν

237 2838 377 2874 ἐσθῆτοο·
418 2838 549 2876 χαύνωσ
589 2838 843 2877 παρῃωρημένησ
877 2837 1099 2874 ἐμποδίζονται
1188 2838 1386 2866 tumescens
1410 2833 1493 2869 Lm,
1510 2835 1708 2865 tumescent
1730 2835 1785 2864 GL
