1872 3183
256 147 275 184 1
287 145 337 183 18
847 143 908 185 Μ.
941 140 1192 184 MANILII

415 255 500 296 iam
520 268 730 309 nusquam
751 259 905 296 natura
924 253 1031 295 latet
1050 268 1058 303 3
1094 253 1354 308 peruidimus
1374 267 1543 295 omnem

415 333 458 370 et
477 333 604 384 capto
623 328 810 384 potimur
830 328 990 369 mundo
1009 332 1286 383 nostrumque
1305 333 1525 382 parentem

291 409 358 441 885
413 417 511 458 pars
531 417 606 444 sua
625 402 900 458 perspicimus
919 402 1133 457 genitique
1153 401 1390 443 accedimus
1410 401 1547 443 astris

414 490 470 518 an
489 477 667 518 dubium
687 482 751 519 est
769 477 963 518 habitare
983 477 1109 518 deum
1129 476 1208 517 sub
1227 481 1396 531 pectore
1415 481 1561 518 nostro

413 550 457 592 in
476 551 724 606 caelumque
742 551 876 593 redire
896 551 1058 593 animas
1077 550 1276 605 caeloque
1296 550 1451 601 uenire,

251 690 302 720 καὶ
319 689 540 729 περιστροφὰσ
562 689 566 729 Ι
587 691 685 720 ὕπνου
705 690 822 728 φύλαξι
844 689 945 720 πιστὰ
969 689 1176 728 σημαντήρια.
1223 686 1369 719 eandem
1393 686 1554 718 Manilius
1578 685 1789 728 significauit

248 748 262 772 1
292 740 357 771 506
381 749 431 781 sq.
455 743 664 781 temporaque
689 742 844 771 obscurae
868 740 975 771 noctis
1000 739 1198 780 deprendere
1223 739 1331 779 signis
1352 737 1356 782 Ι
1377 738 1448 770 iam
1467 741 1620 779 poterant
1642 737 1786 769 Homeri

249 791 405 822 uersibus
434 790 603 823 adludens
636 790 676 822 Il.
707 800 732 823 x
762 791 872 823 25l-3
905 793 995 829 μάλα
1029 793 1092 831 ’γὰρ
1127 793 1179 830 νὺξ
1212 792 1330 828 ἄνεται,
1356 793 1469 830 ἐγγύθι
1497 790 1524 822 δ’
1557 792 1636 829 ἠὼσ,
1659 790 1663 832 Ι
1684 791 1788 831 ἄστρα

252 844 286 873 δὲ
316 844 354 880 δὴ
383 844 577 883 προβέβηκε,
610 843 808 883 παρῴχωκεν
840 844 873 873 δὲ
906 844 1014 873 πλέων
1045 844 1098 880 νὺξ
1132 842 1136 883 Ι
1171 843 1235 872 τῶν
1264 843 1318 873 δύο
1348 843 1497 882 μοιράων,
1531 842 1662 882 τριτάτη
1689 841 1716 872 δ’
1744 843 1793 873 ἔτι

246 895 340 934 μοῖρα
370 895 547 926 λέλειπται.
632 904 703 925 rem
735 896 916 935 exponunt
952 893 1118 934 Polybius
1149 902 1188 924 IX
1223 894 1263 924 15
1297 893 1395 930 6-11,
1434 892 1656 935 Hipparchus
1688 901 1717 924 11
1752 894 1785 930 1,

247 945 452 977 scholiastae
487 946 531 977 ad
557 945 653 977 Arat.
682 946 758 983 559,
792 956 835 977 ex
861 945 988 987 quibus
1014 955 1104 986 quae
1133 944 1312 976 Maniliani
1340 954 1459 977 uersus
1487 944 1662 976 simillima
1695 947 1779 976 sunt

247 997 451 1029 exscribam.
500 996 723 1039 Hipparchus
740 1007 820 1038 ergo
837 1006 864 1028 Π
885 998 900 1028 1
921 998 942 1028 4
961 998 1066 1037 ἀρκεῖν
1084 999 1165 1037 πρὸσ
1182 998 1218 1028 τὸ
1234 998 1293 1035 τὴν
1311 998 1394 1036 ὥραν
1408 998 1580 1036 ἐπιγνῶναι
1592 999 1655 1036 τῆσ-
1671 998 1788 1028 νυκτὸσ

247 1050 284 1080 τὸ
300 1050 557 1088 συλλογίσασθαι
574 1050 660 1080 πόσα
675 1050 722 1080 ἔτι
740 1049 837 1088 ζῴδια
860 1050 1090 1080 καταλείπεται
1115 1050 1163 1079 εἰσ
1179 1050 1237 1086 τὴν
1261 1050 1317 1080 τοῦ
1333 1049 1424 1087 ἡλίου
1448 1049 1619 1087 ἀνατολήν,
1642 1047 1789 1079 Attalus

246 1099 330 1132 ibid.
349 1101 369 1132 6
380 1102 573 1140 ἐπεγνωκὼσ
586 1102 634 1132 ὅτι
647 1104 679 1132 ἐν
693 1102 783 1141 πάσῃ
794 1102 880 1131 νυκτὶ
893 1103 926 1139 ἓξ
939 1100 1035 1140 ζῴδια
1048 1101 1132 1140 πρὸσ
1144 1099 1186 1140 τῇ
1200 1099 1341 1140 ἀνατολῇ
1356 1101 1536 1139 ἀνίσχουσι,
1550 1101 1710 1140 ’γνώσεται
1726 1101 1790 1131 καὶ

248 1153 364 1183 πόσον
395 1154 464 1191 τῆσ
495 1153 629 1184 νυκτόσ
661 1153 927 1192 παρεληλυθόσ
958 1154 1038 1183 ἐστι
1070 1154 1128 1183 καὶ
1160 1153 1273 1183 πόσον
1306 1153 1358 1182 ἔτι
1390 1153 1518 1183 λοιπὸν
1549 1153 1612 1183 ἐ’ωσ
1641 1153 1704 1190 τῆσ
1733 1153 1790 1182 τοῦ

248 1205 338 1241 ἡλίου
361 1205 538 1242 ἀνατολῆσ,
557 1202 663 1235 schol.
691 1203 789 1234 Arat.
816 1204 882 1235 559
905 1205 1057 1241 βούλεται
1082 1205 1115 1234 δὲ
1143 1204 1259 1241 σημεῖα
1283 1204 1391 1243 λέγειν
1417 1204 1488 1234 τοῖο·
1513 1203 1786 1241 ναυτιλλομένοισ,

248 1257 306 1294 ὅτι,
335 1257 389 1286 ἐὰν
415 1257 531 1287 νυκτὸσ
559 1257 722 1296 συμβαίνῃ
748 1256 820 1286 τινὰ
845 1257 1053 1293 κινδυνεῦσαι,
1082 1256 1245 1294 ἀφοράτω,
1276 1256 1328 1285 καὶ
1358 1256 1537 1293 μαθήσεται
1568 1255 1649 1293 μετὰ
1680 1255 1790 1286 πόσασ

249 1308 334 1347 ὥρασ
352 1309 442 1338 ἔσται
457 1308 477 1346 ἡ
493 1308 603 1347 ἡμέρα.
654 1309 808 1338 ceterum
827 1307 855 1338 si
873 1316 955 1337 uere
972 1306 1125 1338 Iacobus
1143 1309 1166 1337 L
1183 1305 1310 1337 codicis
1329 1306 1478 1347 primam
1496 1315 1640 1337 manum
1656 1305 1786 1337 ratione

246 1358 421 1400 scripsisse
447 1358 567 1396 tradit,
595 1358 689 1399 quod
716 1358 800 1389 mihi
827 1368 870 1389 ex
897 1359 1047 1399 imagine
1074 1357 1352 1399 photographica
1375 1367 1447 1389 non
1470 1360 1621 1394 constat,
1638 1356 1787 1389 fortasse

247 1409 391 1441 adscisci
415 1409 520 1441 debet
544 1411 747 1441 coniectura
771 1420 877 1450 quam
903 1420 1040 1440 uersum
1066 1409 1216 1440 absurde
1234 1409 1488 1450 interpretatus
1505 1408 1654 1450 protulit
1671 1419 1785 1450 progr.

248 1461 374 1493 Lubec.
395 1471 449 1492 an.
473 1461 558 1493 1835
575 1471 609 1503 p.
631 1461 670 1493 31
691 1461 842 1493 ratione
861 1461 1025 1493 ediscere
1042 1473 1050 1492 :
1082 1464 1173 1492 certe
1192 1460 1351 1502 uulgares
1369 1460 1518 1493 Senecae
1531 1460 1609 1491 libri
1634 1459 1706 1491 H.f.
1722 1461 1787 1493 453

248 1516 410 1544 errantem
435 1513 524 1545 dedit
548 1523 611 1554 pro
637 1523 678 1544 eo
704 1512 799 1553 quod
822 1513 858 1544 in
882 1512 1030 1544 Etrusco
1054 1515 1234 1543 seruatum
1260 1514 1313 1543 est
1337 1515 1464 1543 errante
1487 1512 1589 1544 edidit
1679 1514 1787 1553 atque

248 1564 302 1596 hic
318 1574 438 1596 uersus
453 1574 617 1605 quorsum
633 1566 809 1605 spectaret
823 1564 860 1595 F.
878 1563 1019 1595 Iunium
1036 1563 1163 1595 uidisse
1174 1566 1261 1604 puto
1273 1573 1353 1594 cum
1365 1564 1412 1594 sic
1422 1573 1501 1594 eum
1512 1563 1785 1605 interpungeret,

246 1619 374 1657 quanta
405 1618 433 1647 et
459 1626 543 1657 pars
573 1618 732 1656 superest,
764 1615 928 1647 rationem
959 1615 1094 1652 discere,
1127 1615 1242 1646 noctis.
1292 1625 1473 1656 aegrorum
1497 1615 1639 1646 somniis
1661 1614 1788 1646 similia

248 1670 331 1699 sunt
353 1678 442 1709 quae
464 1667 569 1699 ceteri
591 1677 655 1709 pro
678 1667 1031 1709 interpretationibus
1049 1666 1309 1703 exhibuerunt;
1340 1666 1439 1698 uelut
1457 1665 1606 1707 Scaliger
1623 1666 1787 1698 rationem

248 1719 354 1750 noctis
373 1722 514 1750 enarrat
537 1719 544 1732 ⁶
559 1728 698 1750 caussas
720 1718 872 1750 latentes
887 1718 896 1731 '
932 1718 1047 1749 nescio
1069 1718 1167 1749 cuius
1188 1718 1247 1756 rei,
1265 1727 1326 1749 eae
1343 1720 1383 1749 ut
1399 1717 1580 1749 discantur
1597 1727 1786 1759 superesse,

246 1780 354 1811 quam
376 1780 448 1801 rem
471 1779 541 1801 non
563 1779 710 1811 magnae
733 1779 807 1801 esse
829 1768 1072 1800 difficultatis:
1109 1779 1170 1800 eur
1188 1769 1295 1810 igitur
1311 1779 1382 1800 non
1400 1768 1440 1800 fit
1457 1771 1471 1800 ἱ)
1518 1768 1635 1810 Fayus
1652 1772 1785 1807 autem,

249 1822 308 1853 uix
336 1820 444 1853 ullum
471 1821 541 1852 iam
569 1830 746 1862 superesse
773 1820 927 1852 laborem
955 1824 996 1852 ut
1022 1823 1253 1861 cognoscatur
1278 1830 1384 1851 causa
1407 1819 1655 1858 tenebrarum;
1685 1820 1786 1861 quasi

249 1883 331 1905 uero
342 1872 448 1904 talem
459 1872 655 1904 doctrinam
667 1875 730 1904 aut
739 1872 891 1914 legentes
902 1872 1099 1904 desiderent
1110 1876 1173 1904 aut
1184 1875 1290 1913 poeta
1301 1871 1494 1904 traditurus
1505 1872 1560 1904 sit.
1609 1872 1789 1905 Bentleius

249 1934 399 1962 uersum,
425 1935 530 1966 quem
556 1924 708 1965 Scaliger
732 1927 760 1955 et
776 1925 811 1955 in
831 1927 866 1955 at
888 1927 1027 1955 mutato
1051 1927 1133 1955 ante
1159 1925 1222 1955 877
1250 1924 1447 1961 traiecerat,
1472 1923 1602 1955 deleuit
1693 1923 1788 1965 quod

249 1976 314 2008 hoc
328 1976 403 2008 loco
417 1979 543 2017 quanta
557 1979 596 2013 et,
612 1978 650 2007 at
666 1985 786 2007 uersus
801 1985 814 2007 1
829 1976 872 2007 56
887 1976 987 2007 initio
1002 1978 1191 2016 quantaque
1206 1975 1381 2012 scribitur,
1397 1974 1439 2006 de
1454 1985 1495 2006 ea
1504 1985 1540 2007 re
1551 1974 1631 2007 uide
1641 1974 1686 2007 ad
1696 1984 1710 2007 1
1723 1976 1785 2008 173

249 2028 422 2060 adnotata
512 2027 576 2058 884
591 2036 619 2059 Π
637 2028 699 2059 127
716 2037 765 2069 sq.
783 2027 861 2068 quis
876 2031 968 2068 ne9et
984 2038 1052 2059 esse
1067 2026 1163 2068 nefas
1177 2027 1328 2059 inuitum
1338 2027 1525 2067 prendere
1538 2027 1720 2059 mundum
1736 2025 1741 2070 Ι
1759 2030 1788 2059 et

248 2080 341 2112 uelut
359 2080 397 2111 in
414 2082 513 2111 semet
530 2082 684 2119 captum
702 2079 859 2111 deducere
876 2079 915 2110 in
934 2079 1042 2110 orbem
1055 2079 1082 2116 ?,
1102 2087 1139 2110 IV
1154 2079 1219 2110 392
1233 2078 1377 2110 transire
1395 2081 1490 2110 tuum
1501 2081 1617 2119 pectus
1630 2079 1784 2111 mundo-

251 2131 459 2172 quepotiri.
509 2130 625 2162 Ouidii
652 2130 767 2161 locum
795 2129 876 2161 fast.
907 2139 950 2161 111
978 2131 1044 2162 552
1069 2130 1221 2170 potitur
1245 2132 1359 2170 capta
1387 2128 1537 2161 Maurus
1566 2129 1670 2161 Iarba
1692 2130 1788 2162 domo

249 2184 436 2223 propterea
451 2180 610 2213 adscribo
626 2191 669 2212 ne
686 2181 763 2222 quis
779 2191 858 2213 cum
876 2181 973 2223 Fayo
989 2183 1025 2212 et
1042 2180 1131 2212 thes.
1150 2180 1230 2222 ling.
1243 2180 1320 2212 Lat.
1334 2189 1378 2211 111
1394 2190 1426 2221 p.
1446 2180 1507 2212 321
1527 2181 1614 2212 63-5
1630 2180 1767 2213 aberret
1781 2191 1788 2214 ε

250 2236 342 2265 reete
367 2233 403 2264 in
428 2233 628 2264 uniuersum
655 2232 845 2274 Pingraeus
873 2232 926 2263 ‘le
953 2232 1082 2264 monde
1108 2233 1230 2272 (immo
1256 2231 1311 2263 ‘le
1334 2231 1397 2262 ciel
1412 2231 1436 2271 ’)
1459 2234 1513 2263 est
1535 2231 1671 2263 devenu
1688 2235 1790 2264 notre

249 2287 431 2326 conquete,
447 2294 535 2315 nous
549 2294 592 2315 en
607 2284 780 2324 jouissons
796 2284 817 2315 a
833 2293 870 2315 ce
886 2284 968 2315 titre
983 2283 992 2297 ’
1084 2283 1145 2313 885
1155 2293 1238 2324 pars
1251 2293 1326 2320 sua,
1338 2283 1438 2314 cuius
1448 2283 1555 2324 ipsius
1565 2293 1645 2324 pars
1655 2293 1788 2321 sumus,

249 2336 329 2368 uide
346 2336 390 2368 ad
406 2344 434 2368 11
449 2336 524 2368 533.
573 2344 601 2367 11
619 2337 681 2367 115
697 2345 747 2377 sq.
764 2335 841 2376 quis
855 2335 983 2367 caelum
994 2337 1106 2376 posset
1121 2334 1192 2366 nisi
1205 2334 1290 2366 caeli
1304 2344 1440 2366 munere
1454 2344 1559 2372 nosse,
1582 2333 1587 2378 Ι
1607 2337 1636 2366 et
1650 2336 1794 2376 reperire

249 2388 358 2426 deum,
380 2387 451 2420 nisi
471 2387 531 2428 qui
549 2397 632 2428 pars
653 2387 727 2428 ipse
747 2387 882 2419 deorum
905 2390 950 2418 est
964 2388 990 2424 ?,
1014 2387 1090 2420 Sen.
1115 2397 1167 2428 ep.
1193 2387 1235 2418 92
1257 2387 1300 2418 30
1322 2396 1416 2417 nemo
1438 2385 1575 2426 inprobe
1597 2396 1631 2418 eo
1652 2389 1794 2418 conatur

248 2439 432 2477 ascendere,
449 2439 538 2471 unde
553 2439 768 2471 descenderat.
816 2438 899 2479 quid
910 2441 955 2470 est
968 2441 1077 2470 autem
1087 2448 1145 2469 eur
1156 2448 1224 2470 non
1241 2437 1407 2469 existimes
1422 2437 1461 2468 in
1478 2447 1513 2468 eo
1528 2437 1645 2469 diuini
1660 2437 1792 2479 aliquid

250 2492 395 2529 existere,
417 2491 476 2532 qui
497 2490 551 2522 dei
568 2500 652 2531 pars
675 2493 720 2522 est
734 2491 750 2522 ?
785 2492 887 2522 totum
909 2489 978 2527 hec,
1000 2500 1064 2530 quo
1085 2489 1304 2526 continemur,
1328 2491 1356 2520 et
1377 2499 1485 2520 unum
1507 2492 1552 2520 est
1574 2492 1603 2521 et
1623 2489 1704 2522 deus
1722 2499 1733 2520 .·
1763 2492 1794 2521 et

246 2543 331 2575 socii
349 2552 467 2574 sumus
485 2542 557 2573 eius
576 2545 604 2573 et
622 2541 767 2574 membra
856 2541 956 2573 astris
974 2541 1135 2573 datiuum
1153 2540 1275 2572 eodem
1293 2550 1375 2572 casu
1394 2539 1439 2571 ad
1456 2539 1560 2580 qeniti
1578 2539 1791 2572 audiendum

249 2604 322 2626 esse
353 2593 507 2625 ostendit
539 2593 603 2625 896
634 2593 791 2634 cuiquam
821 2593 947 2633 yenitos
1038 2592 1190 2623 886-910
1220 2591 1345 2623 similia
1375 2594 1458 2623 sunt
1488 2600 1517 2623 11
1550 2591 1701 2624 105-125

293 2646 356 2676 886
389 2654 417 2677 Π
453 2646 513 2677 107
556 2655 605 2686 sq.
640 2655 736 2686 quem
752 2668 760 2676 .
780 2668 787 2676 .
807 2667 814 2676 .
834 2644 872 2676 in
912 2654 1022 2676 unum
1044 2642 1049 2686 Ι
1068 2643 1235 2676 descendit
1275 2643 1356 2675 deus
1396 2646 1492 2683 atque
1532 2641 1658 2675 habitat

293 2696 443 2727 888-893
466 2695 559 2737 quod
582 2696 618 2727 in
642 2695 775 2727 mundo
800 2705 898 2727 mens
924 2693 1056 2734 diuina,
1075 2695 1111 2725 id
1136 2694 1172 2725 in
1195 2694 1335 2726 homine
1357 2694 1495 2726 animus
1516 2697 1580 2725 est.
1628 2703 1643 2726 1
1658 2694 1788 2726 247-51

249 2747 308 2779 hoc
334 2758 419 2788 opus
446 2747 593 2779 inmensi
619 2749 875 2779 constructum
899 2756 1054 2788 corpore
1079 2745 1213 2777 mundi
1234 2744 1239 2788 Ι
1259 2744 1465 2786 membraque
1489 2747 1630 2777 naturae
1655 2744 1792 2777 diuersa

250 2799 383 2831 condita
403 2798 517 2839 forma
539 2797 543 2841 Ι
563 2798 664 2830 aeris
691 2802 787 2839 atque
819 2798 935 2838 tynis,
970 2801 1091 2829 terrae
1122 2797 1317 2838 pelayique
1348 2797 1498 2834 iacentis,
1521 2794 1608 2839 luis
1639 2796 1792 2828 animae

246 2851 388 2882 diuina
405 2851 510 2891 reque,
533 2859 689 2891 sacroque
711 2853 821 2881 meatu
842 2848 1033 2892 'conspirat
1055 2849 1135 2881 deus
1159 2852 1187 2880 et
1208 2848 1308 2880 tacita
1329 2848 1457 2880 ratione
1478 2846 1669 2888 yubernat,
1696 2847 1789 2880 Plut.
