1872 3183
125 138 182 176 44
714 138 776 181 M.
810 139 1062 182 MANILII

285 246 412 289 altius
432 252 496 289 est
515 248 624 290 acies
643 249 774 290 animi
794 249 1004 291 mittenda
1024 250 1186 305 sagacis

283 321 411 377 inque
430 321 512 363 alio
532 323 820 378 quaerendum
839 323 954 365 aliud
974 324 1212 380 iunctisque
1233 324 1498 381 sequendum

161 402 229 434 370
286 395 446 438 uiribus
465 411 474 446 ;
511 402 566 447 et,
587 398 706 439 cuius
725 398 831 453 signi
850 399 944 453 quis
963 405 1084 454 parte
1103 405 1282 449 creatur,

284 471 372 512 eius
392 470 522 513 habet
542 486 677 513 mores
697 477 828 527 atque
847 472 917 514 illo
937 473 1124 515 nascitur
1144 480 1271 516 astro.

283 544 381 586 talis
399 560 473 600 per
493 545 623 587 denas
642 551 775 588 sortes
795 552 950 589 natura
970 548 1141 590 feretur.

283 619 405 660 testis
425 620 504 661 erit
524 621 666 662 uarius
686 621 764 662 sub
785 621 933 663 eodem
952 622 1087 664 sidere
1105 622 1230 672 fetus,

283 693 483 749 quodque
501 694 545 735 in
564 700 655 736 tam
676 695 821 737 multis
841 696 1109 738 animantum
1128 697 1310 747 1111Ιί11115,
1333 711 1418 739 11110

158 774 228 806 375
283 782 393 823 quae
413 769 591 811 ueniunt
610 770 741 825 signo,
763 775 830 812 tot
850 775 963 821 sunt,
985 777 1091 826 quot
1109 787 1299 827 corpora,
1321 787 1470 822 1110105,

283 847 327 884 et
345 857 476 897 genus
496 848 720 886 externum
739 845 927 887 referunt
946 845 1082 887 aliena
1101 861 1175 902 per
1195 852 1323 896 astra,

281 917 530 973 confusique
550 918 690 960 fluunt
708 924 857 975 partus
877 919 1097 962 hominum
1117 925 1246 976 atque
1266 921 1464 963 ferarum.

282 991 440 1034 scilicet
460 992 504 1034 in
523 993 657 1048 partis
676 993 909 1049 iunguntur
928 995 1100 1036 condita
1120 995 1258 1050 plures

118 1105 216 1137 uerbi
238 1115 343 1137 causa
365 1107 470 1138 Tauri
492 1107 616 1139 titulus
639 1109 707 1139 tria
729 1111 823 1140 astra
841 1108 1011 1141 Cancrum
1030 1109 1180 1141 Leonem
1204 1110 1379 1152 Virginem
1471 1114 1663 1143 ostendunt

116 1156 217 1188 codd.
236 1157 326 1189 Flor.
344 1161 380 1189 et
397 1158 510 1196 Bodl.‚
528 1163 689 1191 ostentur
705 1164 800 1197 GLM,
817 1164 980 1192 ostentant
1000 1161 1136 1193 Bentlei
1152 1162 1388 1193 conjecturam
1410 1161 1504 1193 nullo
1522 1162 1662 1193 nomine

116 1207 216 1240 alteri
248 1212 487 1250 praestantem
520 1211 674 1252 plerique
708 1215 923 1253 receperunt,
954 1212 1046 1253 ‘quo
1073 1212 1202 1244 uerbo’
1233 1213 1284 1244 ait
1310 1213 1450 1244 Ellisius
1478 1212 1662 1245 ‘Manilius

116 1269 292 1300 nusquam
319 1261 403 1292 alias
430 1272 512 1293 usus
538 1266 600 1293 est.
650 1267 773 1294 contra
799 1264 973 1295 ostendunt
999 1265 1136 1306 saepius
1163 1264 1257 1305 apud
1283 1274 1362 1296 eum
1388 1264 1515 1306 legitur
1528 1265 1548 1296 ⁷.
1596 1264 1661 1296 hoc

117 1313 158 1342 ut
181 1321 303 1342 uerum
327 1315 391 1349 est,
416 1313 467 1343 ita
490 1323 561 1344 non
585 1313 689 1344 aliam
713 1314 758 1345 ob
782 1324 923 1346 causam
948 1315 1087 1346 Ellisius
1110 1315 1146 1346 id
1170 1315 1236 1347 sibi
1258 1315 1536 1357 cognoscendum
1560 1315 1663 1347 duxit

117 1372 225 1403 quam
255 1364 338 1404 quia
369 1364 546 1395 Bentleius
576 1368 749 1402 ostentant,
780 1367 955 1398 ostendunt
985 1366 1043 1398 alii
1072 1368 1314 1404 coniecerant3
1357 1366 1451 1408 quod
1481 1367 1509 1398 si
1539 1370 1661 1399 contra

115 1413 250 1451 fuisset,
281 1414 324 1446 de
353 1416 604 1447 consuetudine
634 1420 759 1457 poetae
788 1427 859 1449 non
888 1419 998 1460 magis
1027 1419 1257 1459 quaesiuisset
1286 1428 1392 1459 quam
1422 1419 1597 1459 quaesiuit
1624 1419 1662 1450 in

117 1465 295 1506 mergendi
319 1467 562 1507 mersandique
587 1468 701 1499 uerbis
725 1477 753 1499 11
777 1470 842 1500 949
933 1470 996 1500 369
1020 1474 1259 1508 quaerendum
1286 1469 1425 1501 Ellisius
1449 1473 1541 1501 noct.
1564 1469 1659 1501 Man.

114 1526 148 1558 p.
174 1518 237 1548 124
257 1517 364 1557 (idem
385 1519 457 1549 sine
477 1528 579 1550 sensu
598 1520 757 1560 aliquid),
776 1524 873 1552 aliud
898 1520 1111 1552 Cartaultius
1130 1522 1167 1552 in
1187 1521 1308 1552 Revue
1329 1521 1483 1562 Critique
1500 1531 1554 1553 an.
1577 1522 1661 1554 1892

113 1567 198 1600 fasc.
222 1569 264 1600 28
285 1579 318 1610 p.
338 1570 391 1606 28,
412 1574 611 1608 quaerendo
632 1575 717 1603 mali
738 1576 830 1609 quod
850 1576 873 1603 L
893 1572 967 1603 cod.
991 1573 1145 1604 Venetus
1165 1574 1272 1613 (quod
1293 1572 1358 1604 del.
1377 1573 1440 1612 L2),
1462 1577 1661 1611 quaerendo

115 1623 212 1652 mala
233 1623 317 1659 quid
339 1625 383 1659 M,
403 1626 605 1658 quaerenda
626 1626 711 1654 mali
733 1627 780 1659 G;
816 1627 926 1655 manet
943 1623 1042 1655 codd.
1067 1624 1156 1656 Flor.
1180 1627 1216 1655 et
1238 1624 1350 1661 Bodl.‚
1368 1625 1424 1655 cui
1442 1624 1661 1656 coniecturae

114 1671 200 1703 alias
217 1676 535 1713 superstruxerunt,
554 1674 653 1714 inque
669 1674 737 1705 alto
752 1675 939 1714 quaerenda
955 1678 1090 1706 manent
1106 1675 1256 1716 Scaliger
1272 1685 1311 1706 ac
1328 1675 1452 1707 deinde
1468 1679 1661 1716 sequentum

116 1722 278 1754 Huetius.
326 1734 369 1755 ex
389 1726 578 1764 quaerenda
598 1725 682 1756 mali
700 1726 746 1757 ud
764 1725 899 1757 factum
918 1730 971 1757 est
990 1727 1174 1766 quaerendo
1194 1727 1278 1758 malz·
1295 1727 1340 1768 qd
1356 1727 1429 1758 siue
1447 1726 1499 1768 gd.
1548 1727 1664 1758 titulis

113 1777 210 1805 astra
232 1774 533 1807 dissimulantibus
555 1776 649 1808 aliud
672 1780 806 1808 astrum
828 1778 864 1809 in
887 1778 954 1809 alio
977 1781 1071 1809 astro
1093 1778 1193 1810 nobis
1215 1778 1453 1819 quaerendum
1475 1781 1539 1815 est,
1563 1778 1660 1810 uelut

112 1826 150 1857 in
168 1825 282 1857 Tauro
300 1826 430 1858 Cancer
447 1827 516 1859 Leo
534 1827 638 1869 Virgo
655 1840 661 1859 :
693 1829 758 1860 306
775 1829 856 1860 aliis
872 1829 945 1861 alia
961 1829 1116 1869 opposita
1133 1832 1178 1860 est
1196 1833 1223 1861 et
1235 1829 1329 1870 fallit
1345 1829 1465 1870 imaqo,
1512 1830 1661 1861 similem

112 1877 149 1908 in
170 1887 314 1908 caesura
330 1878 506 1910 elisionem
528 1878 636 1910 habet
653 1880 717 1911 640
740 1879 864 1911 Oceani
885 1880 1053 1912 uictricem
1077 1880 1228 1912 Ebusum
1246 1884 1274 1912 et
1297 1881 1474 1913 Balearica
1490 1890 1571 1912 rura

160 1931 360 1967 iunctisque
376 1933 421 1967 Μ,
437 1933 700 1968 coniunctisque
715 1935 738 1963 L
752 1931 826 1963 cod.
841 1931 1006 1969 Venetus,
1019 1936 1223 1970 cunctisque
1234 1932 1283 1969 L²‚
1295 1936 1430 1965 cunctis
1442 1936 1478 1965 G.
1525 1935 1659 1964 astrum

115 1979 180 2011 sub
210 1980 278 2011 alio
308 1980 512 2013 delitescens
542 1983 751 2024 inuestigare
781 1983 948 2015 debemus
977 1984 1136 2025 interque
1165 1984 1449 2026 inuestigandum
1478 1984 1660 2025 utriusque

113 2031 204 2062 uires
220 2032 361 2073 iungere
378 2036 414 2063 et
430 2034 466 2064 in
484 2043 592 2065 unum
610 2034 825 2072 contrahere,
844 2034 1141 2076 quemadmodum
1158 2036 1329 2067 rationem
1346 2035 1500 2076 undique
1518 2036 1660 2067 miscere

113 2081 275 2114 iubemur
301 2092 329 2114 11
355 2084 431 2121 749,
459 2088 586 2116 cuncta
613 2086 754 2116 miseere
780 2089 817 2117 et
843 2089 1037 2127 temperare
1063 2086 1167 2117 Firm.
1197 2095 1225 2118 11
1254 2087 1293 2118 18
1320 2087 1350 2118 3.
1398 2090 1553 2118 ceterum
1579 2086 1663 2118 uide

114 2133 180 2165 318
201 2143 251 2174 sq.
274 2137 397 2165 natura
415 2144 475 2174 per
495 2139 622 2166 astrum
644 2134 648 2178 Ι
668 2139 732 2167 stat
751 2140 861 2167 tamen
883 2140 911 2167 et
927 2137 1086 2176 proprias
1106 2137 1219 2168 miscet
1236 2147 1297 2177 per
1316 2137 1453 2178 sinqula
1471 2137 1572 2175 uires,
1594 2137 1660 2169 386

113 2184 221 2216 mixta
247 2185 304 2217 sed
330 2185 368 2217 in
393 2186 506 2226 pluris
533 2187 703 2218 sociantur
730 2188 841 2220 sidera
867 2188 967 2225 uires,
997 2190 1062 2220 414
1089 2199 1139 2230 sq.
1169 2190 1285 2220 omnia
1311 2189 1426 2220 mixtis
1447 2187 1451 2232 Ι
1471 2188 1604 2220 uiribus
1631 2192 1661 2220 et

114 2236 212 2268 uario
233 2241 436 2278 con-sumunt
456 2238 567 2270 sidera
588 2242 687 2276 textu,
710 2248 739 2271 11
761 2240 825 2272 835
847 2240 1007 2272 admixtis
1028 2240 1230 2272 subscribent
1252 2240 1383 2272 uiribus
1405 2244 1506 2278 astra,
1529 2249 1572 2272 111
1593 2240 1659 2272 587

113 2288 224 2319 ueniet
241 2289 390 2320 mixtura
405 2290 479 2321 suis
495 2299 570 2322 cum
587 2290 719 2322 uiribus
736 2291 846 2322 omnis
937 2293 1000 2323 370
1016 2293 1114 2323 cuius
1130 2293 1220 2332 siqui
1236 2293 1460 2334 possessionis
1476 2293 1662 2334 genetiuus

111 2342 176 2376 est,
206 2349 276 2371 non
304 2341 503 2381 partitionis
591 2345 687 2382 parte
714 2342 902 2380 decanica3
944 2343 1041 2375 uelut
1069 2344 1129 2384 qui
1157 2344 1193 2374 in
1221 2344 1326 2375 Tauri
1354 2344 1534 2385 principio,
1564 2344 1659 2385 quod

113 2390 246 2422 Cancro
266 2401 467 2424 concessum
487 2395 551 2430 est,
573 2396 722 2430 creatur,
744 2395 771 2425 is
793 2394 915 2426 Cancri
935 2404 974 2426 30
995 2405 1065 2426 11011
1086 2395 1190 2426 Tauri
1211 2404 1322 2426 mores
1342 2395 1451 2426 habet
1470 2398 1506 2427 et
1526 2395 1658 2427 Cancro

113 2442 208 2473 nasci
236 2442 416 2483 putandus
443 2446 506 2475 est.
555 2444 644 2475 hanc
673 2445 776 2486 plane
805 2445 1075 2487 Hephaestionis
1104 2447 1314 2477 sententiam
1342 2445 1447 2478 fuisse
1475 2456 1518 2478 ex
1545 2447 1658 2488 primo

112 2493 186 2524 eius
208 2494 335 2535 capite,
359 2494 520 2536 Engelbr.
546 2506 604 2537 pp.
630 2497 751 2534 46-67,
777 2500 934 2538 apparet,
958 2497 1018 2529 ubi
1042 2498 1259 2529 nascentium
1282 2508 1394 2529 mores
1417 2508 1488 2530 non
1510 2508 1531 2529 a
1553 2499 1659 2540 signis

113 2544 173 2575 sed
201 2554 222 2576 a
249 2545 392 2587 singulis
419 2556 539 2578 eorum
568 2547 707 2578 decanis
735 2551 965 2589 repetuntur;
1007 2559 1222 2589 quamquam
1249 2549 1322 2590 ipse
1350 2549 1513 2581 Manilius
1540 2550 1657 2592 paullo

113 2595 214 2627 aliter
241 2596 397 2638 loquitur
425 2598 490 2630 318
518 2608 568 2638 sq.
663 2599 813 2631 373-377
842 2599 907 2631 sub
936 2599 1057 2631 eodem
1087 2601 1183 2641 signo
1213 2601 1432 2632 nascentium
1460 2600 1656 2638 diuersitas,

113 2656 202 2687 quae
224 2647 279 2679 hic
302 2648 346 2679 ad
368 2648 528 2686 decanos,
552 2659 580 2681 11
602 2651 733 2681 707-12
756 2650 800 2681 ad
823 2650 1103 2682 dodecatemoria
1120 2651 1268 2683 refertur
1359 2652 1421 2684 375
1443 2661 1589 2691 corpora
1611 2655 1657 2688 M,

113 2708 257 2736 corpore
281 2703 329 2731 GL
420 2701 483 2732 376
506 2711 614 2742 genus
638 2705 822 2733 externum
846 2705 900 2734 est
924 2703 1037 2739 astris,
1062 2705 1157 2734 astra
1187 2706 1305 2734 autem
1330 2703 1442 2734 aliena
1466 2713 1487 2734 a
1509 2713 1654 2745 genere:

113 2749 175 2781 311
195 2749 283 2781 aliae
299 2751 389 2781 uires
405 2751 519 2782 aliena
533 2761 593 2791 per
609 2756 708 2783 astra.
758 2762 786 2784 11
803 2754 866 2785 707
885 2764 934 2794 sq.
954 2763 1155 2794 quamquam
1171 2754 1279 2794 siquis
1295 2758 1477 2785 mis-cantur
1493 2754 1624 2792 eisdem,
1648 2753 1653 2797 Ι

113 2800 263 2832 diuersos
291 2801 436 2841 referunt
463 2813 569 2834 mores
660 2804 722 2835 377
752 2803 907 2836 humano
936 2806 1032 2845 signo
1061 2815 1131 2836 non
1160 2805 1223 2836 soli
1251 2805 1419 2843 homines,
1448 2805 1557 2837 ferino
1585 2815 1656 2837 non

114 2851 208 2882 solae
224 2851 317 2883 ferae
335 2856 527 2885 nascuntur
617 2855 679 2885 378
698 2858 812 2893 partis
831 2859 863 2887 M
881 2858 916 2886 et
930 2866 1013 2887 corr.
1035 2866 1077 2887 ex
1091 2860 1216 2894 partus
1234 2859 1267 2893 L,
1283 2860 1408 2895 partus
1422 2859 1458 2893 G,
1472 2860 1592 2895 partes
1606 2857 1661 2889 L².,
