1872 3183
144 127 199 166 56
730 127 792 169 M.
825 127 1078 170 MANILII

184 243 253 275 465
309 241 352 278 et
372 241 525 292 quarta
545 237 623 278 sub
643 242 764 292 parte
784 237 938 293 premis
957 252 966 288 ;
1004 238 1066 280 bis
1086 238 1236 294 quinta
1256 239 1413 280 salubri

309 316 459 366 terque
477 317 593 353 caret
612 311 741 361 caelo,
762 312 961 354 uicesima
981 317 1025 354 et
1044 312 1176 354 altera
1196 313 1326 355 laedit
1345 328 1353 363 3

310 400 331 427 e
351 386 486 427 tribus
508 385 712 441 adpositis
732 387 896 428 uictum
915 391 979 428 est
998 387 1263 442 totidemque
1282 388 1436 430 secutis

308 459 473 510 ultima,
494 474 570 501 nec
590 460 727 515 prima
746 460 892 502 melior
910 461 1122 503 tricesima
1141 476 1238 518 pars
1258 468 1334 504 est.

362 535 565 589 Erigones
584 549 660 577 nec
680 549 778 590 pars
797 536 934 590 prima
954 540 1018 577 est
1037 550 1112 578 nec
1132 542 1252 578 sexta
1273 551 1347 579 nee
1368 551 1453 578 una

141 675 240 706 inlito
259 675 395 715 (minio)
413 675 495 707 solis
512 678 608 716 atque
626 675 726 707 lunae
743 679 911 707 contactas
929 677 1091 708 inimicus
1180 687 1343 710 nemeaee
1361 677 1414 709 ed.
1434 676 1525 715 Ald.,
1545 686 1690 709 nemeae

140 730 175 763 L,
192 735 312 758 nemee
330 730 389 758 GM
478 727 541 758 465
560 731 691 766 premis
704 727 779 764 GL2,
794 731 918 767 primis
943 732 1012 760 LM.
1054 728 1154 761 Ouid.
1171 729 1223 760 Ib.
1240 730 1304 760 215
1319 739 1369 770 sq.
1385 732 1414 760 te
1425 728 1501 770 fera
1521 738 1579 760 nec
1596 729 1687 769 quic-

141 787 242 818 quam
261 778 435 818 placidum
456 779 657 818 spondentia
678 779 805 811 Martis
825 780 830 822 Ι
850 780 960 812 sidera
978 783 1170 820 presserunt
1185 780 1398 822 falciferique
1418 780 1519 817 senis,
1543 780 1624 811 Luc.
1649 789 1688 811 vr

141 830 206 861 608
229 839 335 861 unam
357 839 433 861 cum
454 830 563 862 radiis
582 834 775 870 presserant
796 831 908 863 sidera
929 835 1064 863 mortem
1153 842 1216 873 pro
1239 833 1357 873 quinta
1380 832 1558 864 Bentleius
1581 832 1688 872 quina

140 881 368 922 sequentibus
393 881 562 923 Pingraeo
586 885 623 913 et
647 882 788 920 Iacobo,
814 892 963 923 quorum
989 883 1077 914 alter
1100 882 1282 924 plerasque
1308 883 1445 915 Bentlei
1469 884 1686 914 coniecturas

142 932 346 972 recipiebat,
376 933 465 965 alter
491 933 629 965 delectu
656 933 815 965 adhibito
841 933 970 971 falsas;
1001 934 1137 976 expulit
1164 934 1365 972 Bechertus,
1394 945 1437 966 ne
1464 934 1685 966 soloecismos

140 983 283 1016 Manilio
306 983 506 1026 adfingendi
528 985 592 1022 ius,
617 984 712 1026 quod
734 984 907 1027 Scaligero
929 986 1110 1023 concessit,
1134 995 1213 1017 cum
1238 986 1347 1018 altero
1370 986 1688 1018 communicaretur

229 1039 364 1068 salubri
377 1036 689 1077 Regiomontanus,
703 1039 856 1068 salubris
866 1036 945 1068 libri
1035 1037 1098 1068 466
1109 1037 1198 1068 caelo
1211 1036 1361 1078 Scaliger
1373 1047 1436 1078 pro
1452 1047 1529 1068 aere
1545 1037 1686 1077 accipit,

140 1087 201 1128 qui
223 1088 288 1119 483
311 1091 348 1119 et
370 1088 436 1119 499
458 1091 774 1125 commemoratum
811 1098 850 1119 ac
874 1088 922 1119 sic
945 1088 1012 1120 Cio.
1038 1089 1074 1119 in
1097 1088 1171 1120 Cat.
1197 1097 1211 1119 1
1236 1089 1275 1119 15
1299 1088 1401 1120 huius
1423 1088 1507 1119 caeli
1529 1088 1684 1128 spiritus,

140 1138 240 1180 Verg.
267 1138 352 1170 Aen.
377 1148 402 1170 X
427 1139 491 1171 898
516 1148 566 1179 sq.
593 1149 696 1170 auras
717 1137 721 1181 Ι
741 1140 931 1180 suspiciens
955 1139 1068 1171 hausit
1091 1139 1230 1176 caelum,
1256 1139 1333 1171 qu.
1360 1148 1404 1171 111
1428 1140 1471 1170 84
1495 1149 1544 1180 sq.
1571 1143 1686 1171 nostra

140 1189 291 1230 infantia
310 1190 438 1221 caelum
459 1188 464 1233 Ι
484 1189 597 1221 hausit
617 1191 796 1228 Auentini,
818 1190 912 1222 Curt.
936 1199 959 1221 v
980 1192 1000 1222 5
1024 1192 1063 1222 19
1084 1190 1192 1222 aliam
1213 1191 1303 1222 domi
1324 1201 1391 1222 esse
1411 1191 1496 1222 caeli
1516 1190 1684 1226 haustum,

139 1241 247 1272 alium
266 1241 351 1273 lucis
369 1245 550 1281 aspectam,
571 1241 669 1273 Lucr.
691 1251 729 1273 IV
750 1242 812 1274 132
831 1242 869 1273 in
888 1241 946 1273 hoc
963 1242 1052 1273 caelo
1070 1242 1129 1283 qui
1147 1242 1270 1274 dicitur
1287 1252 1354 1279 aer,
1375 1242 1461 1273 Plin.
1482 1241 1552 1273 n.h.
1574 1250 1603 1273 11
1623 1243 1685 1273 102

140 1296 169 1323 et
192 1292 250 1324 hoc
273 1292 401 1324 caelum
423 1293 636 1332 appellauere
659 1293 801 1324 maiores
824 1293 911 1334 qaod
932 1293 1002 1324 alio
1024 1293 1160 1324 nomine
1182 1303 1270 1330 aera,
1295 1293 1385 1325 Non.
1411 1303 1444 1335 p.
1471 1293 1535 1325 263
1558 1292 1686 1324 caelum

139 1353 258 1375 rursus
280 1354 336 1375 aer
359 1343 478 1375 adlato
501 1344 569 1376 Cic.
594 1344 664 1375 n.d.
690 1353 719 1376 11
741 1345 794 1376 42.
843 1345 928 1376 mihi
950 1344 1015 1376 hoc
1038 1345 1156 1386 potius
1179 1344 1247 1377 dici
1270 1344 1421 1382 uidetur,
1445 1344 1577 1376 nullam
1600 1344 1688 1375 caeli

140 1396 326 1437 regionem,
353 1405 443 1437 quae
470 1395 617 1427 salubris
643 1396 700 1433 sit,
728 1395 852 1427 Leonis
878 1399 979 1438 parte
1004 1405 1027 1428 x
1055 1399 1118 1428 aut
1142 1405 1192 1427 xv
1218 1396 1503 1436 comprehensam
1529 1406 1602 1427 esse

184 1447 347 1479 uicesima
364 1450 393 1478 et
408 1447 522 1484 altera,
538 1447 624 1478 Vitr.
640 1456 679 1478 IX
693 1448 712 1478 2
726 1449 747 1478 4
764 1448 948 1479 uicensimo
966 1451 994 1479 et
1011 1448 1112 1479 altero
1129 1448 1193 1485 die,
1208 1448 1274 1480 Cic.
1291 1458 1353 1489 pro
1367 1447 1437 1479 Mil.
1453 1448 1496 1479 98
1509 1447 1688 1479 centesima

140 1499 199 1530 lux
214 1523 222 1530 .
241 1523 249 1530 .
270 1523 277 1530 .
297 1501 325 1530 et
341 1523 349 1530 .
368 1523 375 1530 .
395 1523 403 1530 .
422 1498 537 1536 altera,
559 1498 650 1530 filius
671 1498 753 1530 fam.
776 1507 841 1530 XVI
863 1499 902 1530 21
930 1500 945 1530 1
967 1501 1043 1538 post
1063 1499 1152 1531 diem
1172 1499 1488 1539 quadrayensimum
1510 1501 1538 1530 et
1559 1501 1686 1530 sextum

228 1550 292 1582 467
325 1560 342 1582 e
372 1554 408 1587 G,
435 1554 471 1583 et
499 1554 556 1582 LM
579 1551 756 1591 geminata
782 1551 941 1591 sequenti
965 1550 1084 1581 littera
1174 1551 1301 1581 uictum
1326 1553 1382 1588 est,
1412 1553 1521 1591 βίοτον
1548 1552 1683 1588 κατέδει,

140 1611 357 1642 quamquam
387 1601 483 1633 nullo
513 1604 619 1643 pacto
650 1611 672 1632 a
701 1604 808 1642 poeta
837 1602 921 1643 poni
951 1602 1080 1643 potuit,
1113 1604 1233 1632 tamen
1263 1601 1398 1632 adscita
1428 1601 1689 1633 Gemblacensis

139 1654 312 1694 scriptura
328 1655 531 1694 nouataque
547 1653 829 1694 interpunctione
846 1662 984 1684 seruare
1001 1652 1109 1684 malui
1125 1662 1232 1694 quam
1246 1653 1517 1694 Regiomontani
1535 1653 1685 1685 Bentlei-

140 1715 207 1745 que
223 1705 382 1746 exemplo
399 1705 610 1736 sententiam
626 1704 719 1735 hunc
735 1705 771 1735 in
787 1703 931 1736 modum
949 1714 1179 1746 corrumpere,
1197 1707 1224 1735 et
1240 1704 1345 1735 tribus
1360 1705 1525 1744 adpositis
1541 1705 1685 1735 uitium

140 1758 186 1787 est
202 1756 398 1796 totidemque
414 1755 546 1792 secutis,
568 1753 573 1798 Ι
592 1755 714 1786 ultima
731 1765 789 1786 nec
806 1758 885 1792 etc„
904 1765 973 1796 quo
991 1755 1032 1787 fit
1049 1758 1091 1787 ut
1107 1757 1242 1797 septem
1259 1756 1446 1787 continuae
1463 1758 1580 1797 partes
1598 1756 1685 1787 uitio

138 1807 297 1839 laborare
317 1807 491 1844 dicantur,
509 1806 545 1838 id
565 1806 661 1847 quod
681 1817 758 1838 raro
780 1806 880 1844 binis,
902 1806 1008 1838 semel
1025 1809 1166 1838 tantum
1184 1816 1241 1838 uu.
1261 1807 1326 1838 476
1344 1816 1394 1848 sq.
1414 1807 1526 1838 tribus
1543 1807 1661 1838 euenit
1677 1819 1686 1844 ;

138 1868 182 1890 ne
193 1858 279 1890 illud
292 1858 432 1896 addam,
445 1859 492 1889 sic
504 1857 671 1889 distincta
683 1859 839 1890 oratione
852 1861 914 1890 aut
925 1858 1047 1890 ultima
1058 1861 1121 1890 aut
1132 1858 1300 1889 tricesima
1311 1857 1500 1890 abundare.
1535 1858 1684 1890 formam

139 1910 277 1941 dicendi
295 1911 502 1951 reciperasse
521 1920 575 1941 me
594 1909 742 1947 confido,
763 1920 852 1951 quae
870 1909 955 1941 haec
974 1913 1050 1941 est:
1082 1909 1207 1941 ultima
1225 1919 1243 1941 0
1262 1909 1374 1941 tribus
1392 1909 1552 1951 partibus
1570 1910 1685 1941 uicen-

139 1962 247 1993 simae
268 1961 368 1992 alteri
390 1960 559 2003 adpositis
580 1961 773 2002 ultimaque
795 1971 812 1992 e
834 1960 983 1993 totidem
1004 1962 1132 1992 secutis
1153 1960 1355 1992 damnanda
1375 1963 1440 1999 est,
1462 1960 1593 1993 scilicet
1611 1969 1687 1992 xxv

139 2016 175 2044 et
198 2021 341 2050 XXV1113
384 2012 512 2043 uictum
536 2015 667 2049 autem,
686 2013 783 2044 cuius
803 2012 877 2044 loco
899 2013 1087 2053 requiritur
1107 2012 1363 2054 praedicatum,
1386 2011 1473 2044 m'hil
1494 2011 1590 2044 aliud
1612 2022 1685 2044 esse

138 2065 294 2105 suspicor
321 2073 428 2105 quam
455 2064 725 2095 constructionis
752 2063 979 2105 explicandae
1006 2073 1111 2094 causa
1139 2073 1244 2104 supra
1271 2063 1441 2104 scriptum
1468 2062 1601 2101 ultima,
1629 2064 1687 2095 cui

138 2116 279 2147 cesserit
305 2125 386 2155 par.
434 2124 546 2156 neque
573 2115 666 2146 enim
698 2115 776 2156 plus
812 2115 928 2156 placet
961 2115 1060 2155 pesti,
1088 2114 1200 2146 multo
1228 2115 1342 2146 minus
1369 2117 1475 2146 metus
1502 2115 1641 2155 (uictus)

228 2167 382 2198 4690472
405 2166 555 2208 Virginis
571 2169 689 2208 partes
712 2175 726 2198 1
749 2175 787 2198 VI
808 2175 848 2198 XI
869 2175 935 2198 ΧΠ
955 2175 1051 2198 xvm
1071 2175 1138 2197 XXI
1158 2174 1249 2198 xx1v
1269 2175 1346 2198 xxx
1435 2166 1499 2197 469
1522 2169 1685 2204 erigones

140 2218 453 2259 Regiomontanus‚
469 2221 611 2255 erigone
627 2221 700 2254 GM,
713 2227 842 2256 ergone
857 2221 891 2254 L,
908 2218 1075 2258 Eriyonae
1090 2217 1239 2249 Iacobus
1255 2218 1384 2259 quique
1399 2217 1430 2248 ei
1445 2220 1686 2249 successerunt

139 2269 301 2307 editores,
330 2269 488 2301 homines
520 2272 704 2310 poetarum
741 2269 1003 2301 consuetudinis
1035 2279 1098 2301 nec
1135 2269 1235 2310 gnari
1261 2279 1325 2300 nec
1353 2268 1511 2300 studiosi.
1559 2271 1685 2310 poetae

140 2324 259 2353 autem
288 2320 464 2362 quomodo
491 2322 634 2352 nomina
662 2321 794 2353 Graeca
821 2320 1067 2352 inclinauerint
1094 2330 1165 2352 non
1192 2330 1235 2351 ex
1263 2319 1483 2352 librariorum
1510 2319 1684 2352 scribendi

139 2374 275 2404 ratione
301 2372 361 2404 sed
387 2383 431 2404 ex
457 2373 559 2404 metri
585 2372 720 2404 indiciis
747 2372 858 2404 multo
884 2372 1089 2404 certioribus
1115 2371 1320 2403 discendum
1346 2381 1419 2402 esse
1445 2370 1688 2403 demonstraui

139 2425 176 2456 in
203 2424 351 2456 Journal
377 2423 413 2455 of
441 2423 623 2466 Philology
649 2424 717 2456 uol.
744 2433 835 2455 xxxr
862 2434 920 2465 pp.
950 2424 1093 2461 236—66,
1121 2423 1182 2455 ubi
1209 2423 1427 2455 accusatiuos
1454 2422 1575 2464 quales
1601 2426 1686 2455 sunt

143 2476 317 2517 Thyestem
335 2475 484 2507 Aeneam
502 2476 650 2516 qiyantes
665 2479 701 2507 et
718 2475 803 2507 alias
820 2475 992 2516 quasdam
1014 2475 1144 2506 formas
1163 2484 1184 2506 a
1201 2475 1314 2516 poetis
1333 2473 1462 2506 alienas
1480 2484 1553 2506 esse
1571 2474 1660 2506 euici
1676 2486 1685 2511 ;

140 2527 235 2569 quod
253 2531 427 2568 quatenus
444 2527 481 2559 in
501 2527 667 2567 Eriqonae
684 2528 886 2569 genetiuum
903 2526 1009 2559 cadat
1026 2536 1118 2558 nunc
1137 2525 1330 2558 ostendam.
1378 2526 1485 2567 igitur
1501 2526 1684 2557 nominum

138 2580 175 2610 in
200 2593 218 2617 η
240 2579 444 2610 exeuntium
465 2579 618 2620 genetiui
639 2588 672 2610 es
694 2578 829 2620 syllaba
850 2578 1029 2610 terminati
1050 2580 1218 2618 sequente
1240 2577 1353 2609 uocali
1374 2576 1683 2619 deprehenduntur

140 2629 193 2661 his
212 2639 257 2661 LX
276 2630 370 2667 locis,
389 2630 467 2661 ciris
489 2630 551 2661 166
570 2629 715 2670 Cybeles,
736 2629 837 2671 Prop.
859 2638 902 2661 111
920 2631 940 2661 5
959 2630 1002 2661 40
1023 2628 1238 2668 Tisiphones,
1260 2629 1300 2660 12
1319 2629 1363 2660 29
1379 2628 1580 2668 Lampeties,
1600 2628 1642 2658 22
1661 2629 1681 2658 5

138 2681 262 2718 Helles,
278 2681 379 2713 Ouid.
394 2681 464 2713 her.
479 2690 519 2713 n<
535 2682 596 2713 133
613 2681 711 2719 Ioles,
726 2685 807 2712 met.
823 2690 866 2712 111
880 2681 944 2712 278
957 2679 1110 2717 Semeles,
1125 2688 1164 2711 tv
1179 2680 1241 2711 145
1257 2679 1407 2718 Thisbes,
1421 2687 1446 2710 v
1457 2679 1523 2711 409
1537 2678 1680 2719 Cyanes,

140 2741 178 2763 VI
200 2733 265 2764 468
287 2732 443 2770 Procnes,
466 2741 519 2764 V11
541 2733 603 2764 241
628 2733 779 2769 Hecates,
802 2741 840 2764 1x
866 2733 925 2764 141
954 2731 1051 2768 Ioles,
1074 2740 1098 2762 Χ
1121 2732 1160 2763 31
1188 2731 1383 2771 Eurydices,
1404 2739 1470 2762 XIV
1491 2731 1531 2762 71
1557 2729 1681 2767 Circes,

138 2783 219 2814 fast.
238 2793 251 2814 1
270 2785 328 2815 141
347 2784 381 2815 H
385 2787 498 2821 ecales,
515 2784 604 2815 trist.
624 2792 637 2815 1
653 2784 672 2815 6
689 2784 730 2814 22
747 2783 941 2823 Penelopes,
958 2782 1011 2814 Ib.
1030 2783 1095 2814 278
1110 2780 1264 2820 Semeles,
1282 2783 1344 2813 471
1363 2781 1542 2818 Autonoes,
1559 2779 1673 2813 Gratt.

138 2837 181 2866 55
199 2835 342 2872 Helices,
361 2835 461 2866 Aetn.
483 2836 547 2867 240
565 2834 708 2872 Helices,
727 2834 857 2867 Colum.
877 2843 901 2865 Χ
919 2835 984 2866 266
1002 2833 1164 2874 Cyllenes,
1183 2833 1260 2866 Sen.
1281 2833 1369 2866 Η.Ο.
1390 2833 1455 2864 556
1476 2831 1573 2870 Ioles,
1595 2833 1684 2864 1538
