1872 3183
183 151 238 190 20
770 147 832 190 M.
865 146 1118 189 MANILII

343 258 411 301 ille
430 258 515 301 suis
535 257 695 300 Phoebi
714 262 860 314 portat
878 272 976 300 cum
995 257 1192 300 cornibus
1212 258 1357 300 orbem

222 341 287 372 145
343 333 539 375 militiam
558 332 710 375 indicit
727 332 849 375 terris
869 337 912 374 et
931 332 1073 388 segnia
1092 346 1190 374 rura

342 408 386 449 in
406 412 569 450 ueteres
588 411 762 449 reuocat
780 406 934 457 cultus,
955 406 1043 448 dux
1062 406 1151 462 ipse
1169 406 1337 457 laboris,

342 496 418 524 nec
439 482 548 524 iacet
568 482 614 523 in
633 481 758 523 sulcis
777 481 988 537 soluitque
1007 481 1051 522 in
1070 480 1244 536 puluere
1262 486 1423 536 pectus.

343 556 542 599 Serranos
561 556 791 611 Curiosque
810 556 911 598 tulit
929 555 1148 610 fascesque
1166 570 1240 611 per
1259 570 1363 598 arua

342 630 535 681 tradidit,
556 645 662 686 eque
681 645 758 672 suo
778 630 962 672 dictator
981 630 1101 672 uenit
1119 634 1275 672 aratro.

220 713 285 744 150
341 705 478 747 laudis
497 719 616 747 amor
635 705 792 747 tacitae
811 719 820 755 3
857 710 1020 746 mentes
1040 709 1083 746 et
1102 719 1277 760 corpora
1296 705 1421 746 tarda

341 779 451 822 mole
469 779 628 830 ualent,
649 778 903 834 habitatque
922 794 1026 834 puer
1046 779 1124 820 sub
1144 779 1283 821 fronte
1302 778 1479 834 Cupido.

395 854 561 896 mollius
581 868 603 895 e
624 853 810 896 Geminis
830 853 1021 895 studium
1041 858 1105 895 est
1124 858 1167 895 et
1187 854 1328 895 mitior
1348 859 1466 896 aetas

340 943 414 984 per
433 929 573 971 uarios
592 933 744 971 cantus
764 928 1069 983 modulataque
1088 927 1262 970 uocibus
1283 943 1355 970 ora

340 1008 384 1045 et
403 1003 566 1059 gracilis
585 1003 770 1045 calamos
790 1008 833 1044 et
852 1003 992 1045 neruis
1011 1003 1139 1044 insita
1159 1002 1289 1044 uerba

175 1164 317 1196 succidit
342 1165 484 1196 incuruo
509 1163 649 1195 claudus
670 1163 765 1204 pede,
792 1163 955 1204 locosque
982 1162 1025 1194 ad
1052 1171 1065 1194 1
1092 1162 1153 1194 361
1183 1161 1318 1192 adlatos
1411 1161 1559 1192 144-147
1584 1159 1719 1192 Colum.

173 1225 212 1248 XI
226 1217 246 1247 2
258 1216 300 1248 36
314 1224 370 1246 XV
381 1215 446 1247 kal.
462 1214 581 1247 Maias
591 1214 640 1246 sol
650 1215 687 1246 in
703 1214 856 1246 Taurum
870 1212 1153 1255 tran317tumsacit,
1169 1212 1228 1243 sed
1242 1222 1263 1243 a
1274 1215 1383 1253 tergo,
1397 1214 1438 1243 ut
1450 1211 1565 1243 medio
1577 1211 1719 1243 demum

174 1277 291 1299 mense
312 1266 405 1299 Maio
428 1266 471 1298 ad
492 1276 624 1298 cornua
644 1267 717 1297 eius
738 1266 932 1307 perueniat,
955 1265 1052 1296 cuius
1074 1264 1121 1296 rei
1143 1264 1304 1296 Manilius
1325 1273 1396 1295 non
1416 1264 1527 1304 magis
1548 1263 1718 1294 rationem

175 1317 336 1350 habuisse
359 1316 499 1349 uidetur
520 1326 626 1357 quam
650 1316 821 1357 Vergilius
843 1325 956 1357 georg.
980 1324 993 1346 1
1016 1316 1080 1347 217
1103 1324 1153 1355 sq.
1177 1314 1342 1346 candidus
1363 1314 1493 1346 auratis
1515 1314 1623 1354 aperit
1644 1322 1720 1344 cum

172 1368 328 1401 cornibus
351 1378 481 1400 annum
501 1366 507 1411 Ι
530 1368 666 1399 Taurus
758 1367 820 1398 144
842 1371 965 1407 portat
988 1367 1063 1404 GL²‚
1087 1370 1190 1405 potat
1212 1369 1270 1398 LM
1363 1365 1423 1396 145
1447 1365 1606 1397 militiam
1628 1367 1670 1396 ut
1693 1373 1723 1395 11

174 1422 216 1453 20
232 1420 392 1453 militiam
410 1445 417 1452 .
437 1445 444 1451 .
464 1445 471 1451 .
489 1419 555 1452 soli
645 1422 768 1457 segnia
784 1419 858 1457 GL2,
873 1421 989 1457 signia
1002 1422 1036 1455 L,
1053 1421 1156 1457 signa
1171 1421 1204 1450 Μ
1296 1417 1357 1449 147
1373 1416 1484 1454 soluit,
1501 1416 1720 1458 languescere

173 1472 319 1513 patitur,
349 1470 645 1513 quemadmodum
675 1471 804 1503 dicitur
830 1471 933 1502 soluti
962 1479 999 1501 ac
1021 1470 1166 1511 fluentes
1195 1469 1314 1507 Quint.
1344 1469 1425 1500 inst.
1455 1477 1469 1499 1
1497 1469 1517 1500 2
1547 1468 1566 1499 8
1659 1468 1720 1498 148

174 1528 286 1556 fasces
304 1527 329 1555 G
347 1523 422 1555 cod.
442 1523 597 1555 Venetus
614 1525 650 1554 et
667 1533 710 1554 ex
728 1532 814 1554 corr.
835 1526 880 1559 M,
901 1526 995 1554 faces
1013 1525 1082 1553 LM.
1130 1520 1231 1552 Ouid.
1250 1519 1332 1551 fast.
1352 1529 1395 1551 111
1415 1520 1543 1551 779-81
1562 1528 1638 1551 cum
1656 1544 1662 1550 .
1684 1544 1689 1550 .
1711 1544 1717 1550 .

173 1578 302 1616 caperet
312 1575 423 1617 fasces
441 1584 462 1606 a
478 1583 581 1605 curuo
598 1574 715 1606 consul
731 1577 841 1605 aratro
932 1582 1021 1605 arua
1039 1576 1074 1609 G,
1094 1581 1183 1604 aura
1200 1575 1269 1608 LM,
1288 1580 1394 1603 auras
1412 1571 1461 1608 L²‚
1479 1570 1569 1602 idem
1588 1579 1719 1601 errores

173 1636 217 1658 111
235 1627 301 1659 634
393 1626 455 1656 149
473 1635 550 1666 eque
568 1625 603 1656 in
621 1635 704 1666 aque
722 1624 941 1658 Prucknerus
958 1627 1095 1655 mutare
1113 1634 1183 1655 non
1201 1623 1334 1659 debuit,
1353 1622 1417 1653 etsi
1437 1622 1472 1653 in
1490 1622 1555 1653 hac
1573 1621 1720 1653 historia

174 1678 344 1709 usitatum
363 1680 416 1708 est
433 1676 472 1708 ab
490 1680 610 1713 aratro,
629 1676 727 1707 uelut
743 1675 811 1707 Cio.
830 1675 873 1707 de
891 1675 948 1706 fin.
967 1684 995 1707 11
1015 1676 1065 1712 12,
1084 1674 1161 1706 Sen.
1180 1674 1260 1705 dial.
1277 1682 1302 1705 X
1322 1675 1361 1705 17
1378 1674 1409 1710 6,
1427 1672 1560 1705 Colum.
1578 1681 1591 1704 1
1608 1672 1718 1714 praef.

176 1730 229 1766 13,
249 1729 339 1761 Flor.
361 1738 374 1760 1
393 1730 414 1760 5
437 1729 476 1760 12
497 1728 634 1760 dictator
652 1726 693 1759 ab
712 1730 847 1764 aratr0;
878 1737 960 1758 nam
980 1736 1092 1767 neque
1112 1726 1191 1757 huic
1211 1725 1458 1766 praepositioni
1477 1724 1639 1756 Manilius
1657 1733 1720 1765 que

174 1780 381 1822 particulam
401 1779 574 1814 adiunxit,
592 1782 628 1809 et
644 1779 732 1810 bene
750 1778 926 1809 Breiterus
943 1778 977 1808 in
994 1777 1109 1809 Fleck.
1129 1777 1243 1808 annal.
1262 1776 1330 1807 uol.
1352 1776 1414 1808 139
1430 1786 1464 1817 p.
1483 1776 1548 1807 847
1562 1774 1718 1807 Taurum

173 1833 287 1873 ipsum
305 1831 451 1871 agnouit
465 1841 507 1862 ex
525 1833 641 1862 aratro
656 1830 721 1861 sibi
736 1829 871 1870 illigato
887 1829 931 1860 ad
947 1829 1158 1860 dictaturam
1176 1837 1406 1869 progressum,
1421 1826 1574 1858 confusis
1588 1827 1721 1858 scilicet

174 1883 263 1923 signi
283 1885 319 1914 et
338 1881 488 1913 hominis
507 1891 548 1912 eo
567 1881 642 1913 nati
662 1880 881 1921 imaginibus,
903 1880 997 1921 quod
1017 1879 1180 1920 loquendi
1201 1888 1307 1920 genus
1326 1878 1538 1919 conspicitur
1556 1878 1662 1910 etiam
1684 1878 1721 1909 in

177 1935 240 1966 126
264 1944 327 1975 sq..
354 1933 462 1965 380-2
487 1942 545 1964 nec
568 1935 698 1963 tantum
716 1957 723 1964 .
743 1956 751 1964 .
770 1957 777 1963 .
795 1932 868 1963 Leo
892 1935 1050 1963 uenator
1083 1931 1220 1968 ueniet,
1246 1931 1356 1963 560—3
1387 1930 1667 1971 Arquitenens.
1686 1954 1691 1960 .
1712 1954 1717 1959 .

174 1995 265 2017 nunc
288 1988 441 2021 statuet,
463 1993 552 2015 nunc
576 1984 664 2016 idem
688 1984 839 2016 moenia
860 1986 978 2015 uertet
1068 1983 1205 2015 dictator
1224 1982 1260 2014 in
1284 1982 1322 2013 L.
1347 1981 1501 2020 Quinctii
1522 1980 1719 2014 Cincinnati

173 2038 230 2070 uel
258 2037 357 2069 Atilii
384 2037 522 2069 Serrani
553 2046 711 2077 persona,
742 2035 818 2067 Liu.
849 2044 892 2067 111
923 2036 965 2067 26
991 2036 1087 2072 6-10,
1115 2034 1183 2066 Cic.
1211 2034 1254 2066 de
1280 2044 1350 2065 sen.
1378 2035 1431 2071 56,
1458 2033 1551 2065 Pers.
1581 2042 1595 2065 1
1621 2034 1719 2072 73-5,

174 2089 271 2122 Seru.
302 2088 387 2120 Aen.
417 2097 456 2119 vl
490 2089 567 2126 844,
601 2087 722 2119 Claud.
753 2096 791 2118 1v
823 2096 917 2118 cons.
952 2086 1044 2118 Hon.
1079 2087 1145 2117 415
1237 2086 1298 2116 150
1337 2085 1556 2126 interpunxit
1596 2084 1721 2125 Regio-

175 2142 364 2172 montanus
494 2139 607 2171 laudis
657 2139 785 2176 tacitae,
837 2138 979 2170 uirtutis
1028 2140 1064 2169 et
1112 2136 1304 2169 industriae
1352 2136 1495 2168 latentis
1625 2136 1722 2168 tarda

177 2192 353 2224 ablatiuus
446 2190 506 2221 151
540 2190 684 2231 Cupido,
715 2190 845 2231 quippe
878 2189 1032 2221 Taurum
1062 2188 1222 2230 Cytherea
1250 2191 1358 2219 tuetur
1386 2197 1415 2219 11
1444 2188 1519 2220 439.
1566 2187 1722 2219 Alcimus

176 2242 273 2274 anth.
292 2242 370 2274 Lat.
390 2241 482 2273 Ries.
504 2243 567 2273 714
584 2251 602 2272 o
620 2241 757 2273 blandos
773 2241 885 2273 oculos
903 2267 908 2272 .
929 2266 935 2272 .
956 2266 962 2272 .
982 2244 1010 2272 et
1027 2240 1171 2281 quadam
1188 2240 1331 2280 propria
1345 2242 1424 2271 uota
1441 2239 1600 2279 loquaces.
1623 2237 1629 2281 Ι
1649 2238 1721 2270 illic

174 2297 203 2324 et
222 2294 333 2325 Venus
350 2296 378 2324 et
394 2293 482 2325 leues
497 2293 637 2324 Amores
658 2291 662 2335 Ι
682 2295 777 2333 atque
793 2293 871 2332 ipsa
887 2293 924 2324 in
941 2292 1048 2323 medio
1065 2291 1150 2323 sedet
1169 2291 1328 2331 Voluptas
1420 2289 1567 2321 152-161
1584 2288 1723 2321 Gemini

176 2348 217 2376 ut
237 2343 408 2386 Apollinis
429 2344 542 2375 tutela
564 2345 606 2383 (11
628 2344 707 2383 440)
728 2344 908 2380 musicam,
932 2346 972 2374 ut
993 2342 1152 2374 Mercurii
1174 2341 1385 2373 domicilium
1409 2341 1520 2380 (cuius
1541 2339 1722 2372 doctrinae

175 2396 338 2436 quamuis
366 2397 577 2436 peruagatae
605 2394 769 2426 Manilius
796 2404 969 2435 nusquam
998 2394 1172 2433 meminit)
1201 2392 1449 2424 astronomiam
1477 2391 1651 2428 tribuunt,
1681 2394 1724 2423 ut

173 2447 311 2488 signum
335 2446 465 2487 duplex
487 2449 622 2478 mentes
650 2446 805 2477 efficiunt
841 2449 1003 2482 ποικίλασ,
1033 2447 1198 2486 ἐρωτικὰσ,
1229 2446 1462 2485 πολυτρόπουσ,
1492 2445 1722 2483 φιλομούσουσ,

176 2500 339 2540 ῥᾳθύμουσ
372 2497 476 2537 (Ptol.
511 2500 592 2529 tetr.
624 2508 657 2538 p.
689 2498 757 2537 40).
805 2497 900 2529 Vett.
933 2497 1009 2528 Val.
1045 2507 1078 2537 p.
1115 2498 1134 2528 7
1166 2497 1209 2528 27
1241 2506 1292 2537 sq.
1328 2497 1511 2536 φιλόλογοι,
1546 2496 1721 2536 ’γράμματα

176 2553 228 2582 καὶ
257 2551 403 2582 παιδείαν
433 2552 620 2587 ἀσκοῦντεσ,
654 2551 823 2588 ποιητικοὶ,
860 2551 1061 2588 φιλόμουσοι,
1097 2550 1260 2587 φώνασκοι
1353 2547 1414 2578 152
1446 2549 1588 2579 mollius
1618 2546 1720 2578 codd.

175 2601 266 2634 Flor.
296 2604 333 2633 et
362 2601 475 2638 Bodl.,
505 2603 669 2633 mollibus
698 2604 794 2638 GLM,
824 2603 967 2632 follibus
998 2599 1073 2630 cod.
1108 2599 1262 2631 Venetus
1368 2601 1468 2635 aetas,
1502 2600 1587 2639 βίοσ,
1626 2598 1723 2629 uitae

177 2662 294 2692 genus,
332 2651 410 2684 Sen.
447 2652 489 2684 de
524 2651 603 2684 ben.
640 2660 678 2683 1v
714 2652 756 2684 22
793 2652 812 2684 3
852 2655 897 2683 est
915 2676 922 2682 .
943 2676 948 2682 .
970 2676 975 2682 .
995 2654 1086 2682 aetas
1104 2675 1109 2681 .
1130 2675 1137 2682 .
1158 2675 1164 2681 .
1182 2650 1336 2687 securior,
1378 2659 1478 2690 quam
1516 2649 1719 2686 innocentia,

175 2713 277 2744 quam
293 2707 388 2743 yrata
404 2713 497 2734 mens
510 2704 720 2744 persequitur
813 2703 874 2733 153
893 2712 954 2735 ora
972 2706 1007 2739 G,
1029 2706 1117 2734 hora
1140 2705 1207 2733 LM.
1255 2701 1370 2732 minus
1388 2701 1517 2732 usitate
1535 2709 1596 2731 ora
1612 2709 1719 2740 quam

177 2764 291 2792 uoces,
309 2755 400 2786 sicut
415 2755 491 2795 lyra
507 2764 612 2795 quam
629 2764 769 2785 carmen
785 2753 1004 2785 modulatum
1022 2752 1160 2789 dicitur,
1179 2751 1239 2784 sed
1255 2752 1413 2783 similiter
1429 2751 1597 2783 Horatius
1612 2760 1719 2782 carm.

177 2814 192 2836 1
217 2806 259 2837 32
284 2807 305 2836 4
329 2815 379 2846 sq.
406 2805 528 2838 barbite
547 2831 553 2837 .
574 2831 580 2837 .
601 2831 607 2837 .
626 2805 746 2838 Lesbio
766 2806 917 2845 primum
942 2804 1107 2837 modulate
1130 2804 1211 2841 ciui,
1237 2803 1438 2845 Lygdamus
1461 2803 1537 2835 Tib.
1563 2811 1607 2834 111
1631 2804 1653 2834 4
1677 2803 1721 2835 39

179 2856 263 2888 hanc
289 2856 453 2898 (lyram).
475 2882 480 2888 .
502 2882 507 2888 .
532 2857 654 2897 plectro
678 2857 867 2889 modulatus
897 2856 1018 2888 eburno
1112 2855 1173 2886 154
1198 2855 1259 2886 155
1283 2864 1406 2887 sonum
1431 2853 1568 2886 chordis
1592 2856 1723 2886 natura.
