1872 3183
171 142 228 181 50
761 136 823 178 Μ.
856 135 1110 178 MANILII

334 253 378 292 et
396 263 507 291 nunc
527 262 601 304 per
622 247 829 303 scopulos
850 261 962 289 nunc
982 246 1143 303 campis
1162 246 1318 289 labitur
1338 247 1474 289 amnis

333 328 410 366 aut
429 323 587 365 faciens
606 322 686 364 iter
706 327 783 364 aut
802 335 1021 377 quaerens,
1043 321 1183 364 uritue
1202 321 1378 364 reditue.

207 405 278 438 425
333 398 391 440 sic
412 398 544 440 etiam
563 397 668 439 caeli
686 401 831 453 partes
850 396 1070 438 uariantur
1089 396 1134 438 in
1152 396 1276 438 astris
1296 411 1304 438 :

334 478 384 515 ut
402 472 570 528 signum
589 486 614 513 a
634 471 767 527 signO,
788 471 847 513 sic
867 485 892 512 a
912 485 955 512 se
975 470 1186 526 discrepat
1205 471 1344 526 ipsum

333 551 635 602 momentoque
654 551 783 601 negat
801 545 912 587 uires
932 559 1141 601 usumque
1159 544 1384 594 salubrem,

334 621 533 677 quodque
552 635 627 677 per
646 620 723 662 has
742 620 901 676 geritur
920 624 1063 675 partes
1083 619 1171 661 sine
1190 619 1309 675 fruge
1328 624 1495 661 creatur

334 701 411 738 aut
430 695 547 738 cadit
566 700 642 738 aut
663 694 808 737 multis
827 695 961 736 sentit
981 695 1093 736 bona
1113 694 1248 736 mixta
1268 693 1473 750 querellis.

207 778 276 811 430
332 771 413 813 hae
433 770 539 812 mihi
558 769 788 826 signandae
807 769 978 825 proprio
998 774 1099 811 sunt
1118 769 1301 811 carmine
1320 774 1477 824 partes

333 845 407 887 sed
427 845 521 901 quis
540 849 609 887 tot
627 859 827 887 numeros
846 844 1005 886 totiens
1025 844 1103 885 sub
1123 843 1212 899 lege
1232 843 1395 893 referre,

332 925 401 962 tot
419 925 563 976 partes
581 919 737 961 iterare
758 923 900 974 queat,
922 923 990 960 tot
1009 918 1146 960 dicere
1166 932 1365 967 summas,

332 1008 484 1051 perque
502 994 615 1050 paris
634 1008 783 1036 causas
802 993 956 1035 faciem
975 997 1142 1035 mutare
1162 992 1362 1048 loquendi
1381 993 1395 1034 3

414 1079 437 1104 21<
669 1078 692 1103 *
927 1077 950 1102 a<
1186 1077 1209 1101 21<
1447 1076 1469 1101 >rc

330 1135 568 1185 incidimus,
589 1135 650 1177 sic
671 1135 801 1176 uerba
820 1134 936 1190 piget
958 1149 967 1184 ;
1003 1133 1076 1175 sed
1096 1133 1232 1189 gratia
1252 1133 1374 1182 derit,

206 1218 276 1251 435
331 1210 376 1252 in
395 1224 640 1265 uanumque
659 1209 778 1251 labor
797 1209 911 1251 cedit
930 1223 1058 1264 quem
1078 1208 1258 1264 despicit
1277 1207 1401 1249 auris.

331 1285 405 1327 sed
424 1284 529 1326 mihi
548 1299 622 1340 per
641 1298 813 1326 carmen
831 1283 981 1325 fatalia
1002 1283 1092 1325 iura
1112 1282 1265 1324 ferenti

167 1414 311 1454 speciem
339 1414 561 1451 maritimis,
589 1413 719 1453 planis,
750 1413 910 1450 amoenis,
940 1412 1119 1444 utilitatem
1147 1410 1348 1449 salubribus,
1373 1409 1555 1452 fertilibus,
1585 1419 1626 1442 ea
1654 1418 1718 1441 nec

167 1466 238 1498 cito
266 1476 329 1498 nec
358 1466 458 1498 facile
488 1466 665 1497 amittitur
755 1465 820 1496 423
848 1468 983 1497 labitur
1011 1464 1086 1501 (315²,
1115 1467 1252 1496 lauitur
1278 1467 1336 1495 LM
1427 1472 1517 1494 nunc
1534 1487 1541 1494 .
1561 1486 1569 1493 .
1588 1486 1596 1494 .
1614 1470 1716 1498 nunc,

167 1517 313 1550 diuersis
339 1528 459 1550 cursus
486 1518 539 1549 sui
566 1517 725 1558 partibus
815 1516 880 1547 424
906 1527 968 1558 pro
996 1516 1117 1553 aritae,
1145 1515 1240 1557 quod
1273 1514 1439 1546 mendum
1466 1523 1539 1546 esse
1565 1515 1717 1550 constat,

170 1569 337 1601 Barthius
365 1569 445 1601 adu.
476 1579 509 1611 p.
542 1570 626 1601 1207
655 1568 801 1600 curritue
828 1568 1021 1609 proposuit,
1051 1577 1155 1608 quem
1183 1569 1348 1598 secuntur
1374 1565 1553 1607 plerique:
1594 1564 1717 1596 debuit

169 1623 232 1653 aut
255 1621 421 1662 curritque
445 1624 508 1652 aut
532 1620 630 1652 uelut
653 1620 794 1657 sistitue‚
820 1629 931 1660 neque
956 1619 1047 1650 enim
1072 1621 1199 1650 coeunt
1228 1617 1351 1650 labitur
1374 1617 1519 1648 curritue
1608 1616 1672 1647 426
1696 1625 1719 1648 a

167 1672 281 1713 priore
304 1672 379 1704 loco
403 1682 470 1704 om.
496 1675 530 1703 M
620 1671 682 1702 427
706 1674 878 1707 momento,
903 1670 959 1701 uel
982 1670 1125 1701 minimo
1154 1679 1335 1711 progressu
1361 1668 1468 1705 facto,
1492 1667 1590 1699 uerbi
1613 1677 1720 1699 causa·

169 1724 275 1756 tertio
300 1723 411 1765 gradu
435 1726 517 1765 post
541 1722 733 1755 secundum
758 1721 974 1753 succedente.
1026 1730 1039 1752 1
1065 1722 1106 1752 57
1124 1724 1311 1761 quantaque
1328 1730 1428 1760 qaam
1450 1719 1556 1759 parui
1570 1717 1719 1760 facerent

169 1775 371 1807 discrimina
398 1778 507 1806 motus
596 1783 771 1811 usumque
800 1777 846 1810 M,
877 1777 1067 1810 utrumque
1096 1776 1119 1804 L
1148 1771 1223 1803 cod.
1251 1772 1416 1809 Venetus,
1446 1773 1651 1808 uictumque
1681 1773 1715 1801 G.

169 1826 232 1858 461
260 1825 448 1858 clementior
473 1835 556 1856 usus
645 1825 709 1855 428
740 1824 874 1865 qeritw,
905 1825 1040 1865 paritur
1129 1823 1193 1854 430
1216 1823 1356 1862 proprio
1372 1846 1380 1853 .
1399 1846 1407 1854 .
1426 1846 1434 1854 .
1452 1821 1611 1858 carmine,
1637 1819 1718 1852 uide

169 1877 215 1909 ad
243 1886 288 1909 111
315 1878 358 1910 35
387 1876 559 1909 adnotata
647 1876 798 1907 431-441
827 1876 948 1907 similis
975 1880 1029 1907 est
1060 1875 1156 1906 locus
1185 1883 1228 1905 111
1260 1875 1347 1906 3l—9
1436 1873 1501 1904 432
1529 1876 1643 1905 dicere
1672 1876 1721 1909 M,

170 1932 304 1962 discere
319 1932 369 1961 GL
459 1938 614 1961 summas
630 1927 706 1965 (ΗΡ,
723 1930 869 1959 summis
884 1931 941 1959 LM
1031 1927 1094 1958 433
1111 1936 1178 1965 que
1195 1925 1331 1957 addidit
1352 1925 1530 1957 Bentleius
1620 1927 1719 1963 paris

171 1980 312 2012 Elh‘sius
333 1982 426 2012 noct.
446 1979 538 2011 Man.
563 1989 594 2021 p.
623 1979 697 2016 128,
720 1982 835 2017 patris
856 1982 925 2015 ΕΜ,
943 1982 1057 2016 partis
1080 1978 1155 2014 GL2,
1176 1981 1298 2016 partes
1320 1976 1395 2007 cod.
1412 1976 1577 2013 Venetus,
1600 1975 1721 2006 uarias

170 2031 271 2064 codd.
294 2031 384 2063 Flor.
406 2034 443 2063 et
463 2030 576 2068 Bodl.,
595 2040 720 2071 proque
742 2030 826 2061 artis
848 2030 961 2061 causis
987 2029 1188 2061 Bentleius:
1221 2029 1286 2060 790
1311 2027 1407 2067 paris
1426 2027 1511 2064 L2M,
1529 2026 1639 2067 patris
1658 2030 1719 2059 GL.

169 2093 230 2124 per
254 2092 355 2123 pares
381 2091 513 2120 causas,
540 2083 577 2113 in
604 2081 773 2113 similibus
800 2081 903 2113 rebus
939 2080 1206 2122 persequendis;
1247 2089 1329 2110 nam
1357 2078 1497 2110 Ellisius
1533 2087 1717 2110 causarum

169 2143 298 2166 nomen
314 2134 366 2166 ita
381 2134 633 2175 interpretatus
649 2136 703 2165 est
720 2136 760 2164 ut
777 2136 861 2174 apto
878 2142 980 2163 sensu
1003 2133 1158 2173 priuaret
1247 2133 1327 2172 post
1344 2129 1436 2161 huno
1453 2139 1592 2161 uersum
1609 2138 1718 2160 unum

170 2186 331 2228 pluresue
355 2184 522 2216 excidisse
547 2187 666 2216 statuo
756 2184 821 2214 434
845 2187 895 2215 sic
919 2187 964 2220 Μ,
990 2187 1038 2215 sit
1062 2187 1095 2220 L,
1122 2186 1152 2214 si
1177 2186 1201 2213 G
1290 2184 1383 2212 recte
1416 2181 1617 2221 Postgatius
1641 2179 1719 2212 silu.

172 2237 265 2269 Man.
291 2247 324 2279 p.
350 2238 392 2269 39
418 2236 426 2249 ‘
440 2237 497 2268 sed
519 2236 574 2267 hic
597 2236 732 2267 nullum
755 2235 869 2267 locum
897 2235 1013 2266 habet.
1062 2234 1237 2266 contra-ria
1259 2234 1351 2264 enim
1374 2242 1445 2263 non
1468 2235 1550 2263 sunt
1571 2231 1661 2272 piqet
1683 2234 1720 2263 et

172 2288 282 2329 qratia
303 2288 404 2320 deerit
418 2288 452 2325 ’;
488 2287 583 2329 quod
606 2290 725 2319 autem
748 2287 886 2328 scripsit
908 2286 1092 2317 incidimus
1114 2285 1145 2316 si
1168 2284 1278 2321 uerba,
1300 2284 1400 2324 piqet,
1424 2283 1459 2314 si
1480 2283 1589 2323 qratia
1615 2282 1716 2314 deerit

172 2339 420 2380 enarrauitque
441 2338 448 2351 ‘
463 2339 492 2370 si
511 2340 586 2380 ipsa
605 2338 712 2370 uerba
730 2339 906 2375 inuenero,
927 2336 1161 2378 displicebunt
1180 2337 1336 2371 inuenta,
1356 2335 1422 2365 nisi
1441 2334 1555 2375 gratia
1579 2343 1720 2374 quoque

174 2390 380 2428 accesserit',
407 2389 581 2421 incidendi
606 2389 753 2421 uerbum
777 2399 857 2420 cum
883 2389 1094 2425 accusatiuo,
1120 2388 1148 2418 si
1173 2386 1268 2418 libris
1293 2385 1389 2423 fideS‚
1415 2388 1450 2416 et
1476 2385 1657 2416 Lucretius
1682 2392 1720 2416 1v

174 2442 251 2480 568,
273 2441 334 2473 ubi
355 2444 474 2472 tamen
496 2441 575 2472 uide
597 2441 873 2476 Lachmannum,
895 2443 931 2471 et
952 2439 1094 2470 Tacitus
1116 2438 1195 2469 hist.
1219 2446 1262 2468 111
1284 2438 1325 2468 29
1346 2437 1548 2473 iunxerunt,
1569 2434 1630 2466 sed
1652 2434 1720 2466 alio

174 2503 277 2525 sensu
293 2504 301 2525 z
333 2492 495 2524 Manilius
514 2501 542 2523 11
561 2493 624 2524 747
645 2495 681 2523 et
700 2501 743 2523 111
762 2493 826 2523 550
846 2491 883 2522 in
903 2491 1195 2532 praepositionem
1214 2498 1284 2520 non
1303 2488 1430 2519 omisit.
1478 2487 1585 2518 etiam
1605 2486 1720 2518 minus

174 2544 348 2587 probabili
365 2545 564 2575 coniectura
582 2543 760 2575 Bentleius
778 2542 992 2582 incipimus
1010 2541 1090 2582 (hoc
1112 2541 1149 2572 F.
1170 2540 1305 2579 Iunius)
1324 2540 1355 2570 si
1372 2538 1483 2576 uerba,
1504 2539 1605 2579 piqet,
1624 2537 1721 2578 quod

174 2596 284 2636 qratia
301 2594 425 2633 deerit;
457 2605 539 2626 nam
558 2598 690 2626 ceteros
709 2597 898 2636 praetereo.
947 2593 1032 2624 mihi
1051 2592 1189 2624 defectu
1209 2591 1326 2633 potius
1352 2590 1436 2622 haec
1455 2599 1562 2632 quam
1580 2598 1720 2630 corrup-

174 2647 246 2680 tela
269 2647 427 2679 laborare
452 2646 616 2678 uidentur
640 2656 752 2687 neque
778 2644 926 2677 absurde
951 2645 998 2676 sic
1023 2644 1152 2685 expleri
1177 2653 1276 2685 posse
1301 2642 1499 2674 sententia:
1536 2650 1607 2672 non
1630 2639 1720 2680 piqet

176 2699 329 2740 quidem,
351 2698 435 2730 dum
456 2708 577 2729 uerum
599 2697 735 2729 tradere
756 2707 993 2738 properamus,
1015 2695 1115 2727 uerba
1135 2695 1182 2726 sic
1204 2698 1243 2726 ut
1264 2694 1388 2735 cuique
1409 2693 1560 2734 primum
1581 2701 1616 2722 se
1637 2690 1720 2722 offe-

176 2752 267 2783 renti
283 2750 468 2783 incidimus
484 2749 663 2782 incondita
682 2759 819 2791 ponere,
837 2748 893 2780 sed
909 2749 976 2780 isto
994 2750 1098 2790 pacto
1115 2746 1223 2787 qratia
1239 2746 1322 2777 derit
1411 2744 1474 2775 435
1491 2743 1568 2776 Sen.
1588 2741 1718 2773 Phaed.

180 2803 243 2834 182
253 2802 337 2834 cedit
348 2802 386 2834 in
396 2811 526 2833 uanum
538 2801 637 2833 labor.
689 2801 756 2833 Cic.
770 2802 856 2831 orat.
874 2800 936 2832 150
947 2798 1104 2840 quamuis
1116 2798 1204 2830 enim
1215 2806 1337 2829 suane-s
1349 2804 1528 2836 qrauesque
1541 2793 1727 2825 sententiae

176 2857 298 2892 tamen,
329 2854 360 2885 si
390 2853 572 2886 inconditis
602 2851 711 2884 uerbis
741 2851 934 2893 efferuntur,
965 2850 1137 2892 offendunt
1167 2859 1275 2886 aures,
1306 2857 1448 2889 quarum
1479 2849 1524 2878 est
1553 2845 1722 2878 iudicium
