1872 3183
619 133 1105 178 ASTRONOMICON
1136 134 1203 175 IV
1629 136 1680 173 71

184 257 256 289 570
312 249 417 291 dura
436 247 667 289 ministeria
687 252 730 288 et
749 246 867 288 tenui
887 245 1124 288 discrimine
1142 245 1298 287 mortis.

367 322 480 378 quod
500 322 534 363 si
553 335 680 377 quem
699 326 978 375 sanctumque
996 320 1100 362 uelis
1119 323 1368 374 castumque
1387 317 1653 373 probumque

313 397 380 439 hic
399 396 479 438 tibi
497 400 693 437 nascetur
712 409 809 437 cum
828 394 988 450 primus
1007 393 1218 449 Aquarius
1238 393 1339 435 exit.

368 485 420 512 ne
439 469 542 512 uelit
562 474 605 511 et
623 469 781 525 primos
800 468 965 510 animus
985 467 1209 523 procedere
1228 467 1381 517 Pisces,

149 643 333 685 stipendiis
355 643 539 674 maritimis
559 643 798 684 accipientem,
816 641 876 673 sed
893 650 1034 682 operam
1051 639 1213 681 intellego
1229 638 1357 670 fortem
1374 641 1481 679 atque
1497 639 1688 671 strenuam,

153 697 194 726 ut
214 703 242 727 11
264 696 317 733 20,
339 703 383 726 111
406 695 479 732 106,
501 703 538 725 1v
563 695 636 731 145,
659 694 724 725 404
814 695 925 725 dictat
942 696 979 729 G,
997 695 1092 724 dicat
1107 695 1177 723 LM.
1218 699 1247 722 11
1264 691 1325 722 401
1345 699 1435 720 nunc
1450 688 1572 730 foedus
1588 685 1693 718 stellis

153 755 243 777 nunc
267 749 295 777 et
316 745 517 778 dictantibus
540 745 621 782 iras,
636 754 673 776 Jv
699 745 760 776 177
783 754 866 785 quas
883 767 890 775 .
910 767 917 775 .
937 767 944 775 .
964 743 1060 775 dictet
1076 767 1083 774 .
1103 767 1110 774 .
1130 767 1137 774 .
1157 742 1369 774 nascentibus
1385 743 1471 772 artes
1560 740 1691 777 puppis

155 797 265 834 GL2M,
284 801 392 836 pubes
410 801 433 828 L
451 796 525 828 cod.
541 796 695 827 Venetus
786 795 849 827 570
867 798 956 827 dura
977 794 1077 825 codd.
1098 794 1188 825 Flor.
1209 796 1245 825 et
1266 792 1378 830 Bodl.‚
1398 795 1477 824 dira
1499 794 1594 827 GLM,
1611 793 1693 821 iura

152 848 228 881 cod,
248 849 410 880 Venetus.
458 848 534 880 dira
547 850 731 879 seruarunt
744 847 803 888 qui
818 849 1019 888 potuerunt,
1032 845 1181 876 Iacobus
1193 844 1383 876 Bechertus
1400 843 1588 879 Breiterus,
1603 843 1694 873 tam-

154 909 261 941 quam
274 900 302 931 si
316 899 421 931 taetri
437 899 568 940 aliquid
586 902 649 930 aut
666 897 891 930 abominandi
904 896 1035 928 habeat
1048 897 1124 928 uita
1134 895 1307 927 laboriosa
1319 898 1355 926 et
1367 893 1528 936 periculis
1542 892 1696 925 obnoxia

247 953 446 983 ministeria
472 950 597 987 GL²M2,
626 952 769 981 miniset
796 952 870 981 eria
896 952 942 984 Μ,
968 950 1166 980 ministerio
1193 951 1216 978 L
1242 946 1316 978 eod.
1349 946 1503 977 Venetus
1595 946 1696 976 tenui

156 1004 355 1034 discrimine
387 1005 512 1034 mortis
535 1000 566 1038 *,
593 1004 690 1032 uitae
723 1003 911 1032 discrimen
942 1002 1068 1031 inertis
1100 998 1194 1030 libri.
1239 997 1329 1028 uitae
1355 996 1534 1028 discrimen
1566 997 1697 1026 nautae

154 1053 299 1091 adeunt,
317 1052 376 1084 sed
394 1063 435 1084 ea
451 1053 593 1084 minime
608 1053 698 1083 iners
715 1054 779 1089 est,
798 1052 918 1092 itaque
935 1050 1084 1082 Iacobus
1107 1050 1146 1081 in
1168 1049 1271 1080 undis
1286 1060 1295 1086 ;
1325 1058 1408 1079 nam
1431 1046 1637 1080 Stoeberum
1660 1048 1698 1077 et

156 1103 363 1145 Pingraeum
378 1104 489 1135 uitam
506 1103 551 1135 ab
566 1103 692 1134 inertia
709 1102 895 1133 discretam
912 1101 978 1133 illis
994 1100 1109 1132 uerbis
1126 1099 1311 1141 significari
1328 1108 1428 1140 posse
1444 1101 1540 1130 ratos
1558 1097 1696 1129 omitto.

153 1156 249 1186 tenui
265 1158 302 1187 et
315 1155 406 1186 uitae
422 1157 592 1196 quattuor
608 1164 651 1186 ex
668 1154 783 1195 quinis
799 1153 979 1184 elementis
996 1152 1196 1184 communia
1212 1150 1364 1188 habent3
1396 1149 1510 1181 mortis
1527 1149 1564 1180 in
1581 1147 1700 1180 inertis

155 1209 232 1238 tam
249 1206 350 1238 facile
370 1216 477 1247 quam
497 1206 576 1237 Tac.
599 1205 679 1237 hist.
702 1213 731 1236 11
750 1206 793 1236 94
814 1204 915 1236 inerti
934 1204 969 1235 in
990 1206 1091 1234 morte
1110 1202 1205 1235 abire
1224 1202 1354 1244 potuit,
1375 1204 1416 1233 ut
1436 1200 1541 1232 semel
1561 1199 1699 1241 scriptis

157 1267 248 1299 quae
274 1257 327 1289 bis
352 1256 554 1289 scribendae
578 1256 722 1288 fuerunt
747 1256 803 1287 ine
827 1255 953 1287 litteris
979 1255 1077 1286 fieret
1102 1253 1370 1291 discriminertis,
1398 1252 1521 1284 deinde
1548 1250 1698 1284 discriffi.

159 1309 351 1340 ministeria
376 1311 565 1340 nautarum
592 1307 680 1339 dura
706 1310 788 1338 sunt
814 1310 850 1338 et
876 1306 970 1338 tenui
996 1305 1191 1338 discrimine
1216 1304 1342 1342 mortis,
1369 1303 1514 1345 paulum
1541 1313 1562 1333 a
1588 1304 1701 1333 morte

158 1361 329 1392 distantia-
345 1372 352 1391 :
379 1360 477 1401 Verg.
492 1359 577 1391 Aen.
591 1368 616 1391 x
629 1360 738 1391 51Ο-2
751 1358 867 1389 certior
879 1360 993 1389 auctor
1013 1356 1017 1400 Ι
1037 1356 1174 1389 aduolat
1186 1356 1330 1394 Aeneae,
1343 1355 1451 1386 tenui
1474 1353 1702 1386 discrimine

159 1412 224 1443 leti
244 1410 250 1455 Ι
270 1421 337 1443 esse
365 1421 454 1449 suos,
483 1420 527 1442 111
555 1411 620 1442 684
648 1420 697 1451 sq.
728 1409 876 1450 Scyllam
904 1412 1000 1449 atque
1029 1407 1221 1448 Charybdin
1249 1406 1253 1450 Ι
1279 1407 1365 1438 inter
1393 1409 1576 1446 utramque,
1605 1404 1702 1436 uiam

160 1462 228 1494 leti
252 1463 479 1495 discrimine
499 1471 634 1502 paruo,
659 1470 698 1493 1x
724 1461 787 1492 142
811 1471 860 1502 sq.
887 1459 990 1492 medii
1013 1459 1146 1500 fiducia
1166 1458 1253 1490 ualli
1273 1456 1278 1501 Ι
1292 1457 1527 1499 fossarumque
1550 1465 1671 1494 morae,
1694 1453 1700 1498 Ι

101 1516 113 1530 “
161 1514 228 1548 leti
247 1513 479 1545 discrimina
496 1522 635 1552 parua,
651 1512 782 1544 Colum.
799 1520 823 1542 x
839 1512 902 1543 407
919 1521 969 1552 sq.
987 1513 1021 1541 at
1035 1519 1125 1541 nunc
1141 1520 1179 1541 ex
1192 1509 1314 1549 positis
1327 1518 1452 1548 paruo
1474 1506 1705 1540 discrimine

160 1565 226 1596 Zeti
247 1564 252 1608 Ι
272 1564 453 1596 ambrosios
468 1563 624 1603 praebent
641 1573 737 1594 sucos
753 1562 855 1594 oblita
872 1562 1022 1593 nocendi.
1069 1561 1162 1592 tenui
1179 1560 1374 1593 discrimine
1387 1559 1552 1590 dixerunt
1569 1558 1704 1590 Aetnae

160 1617 308 1658 scriptor
345 1616 418 1653 189,
454 1615 586 1646 Plinius
619 1614 690 1646 n.h.
727 1623 795 1645 vm
832 1615 906 1651 121,
942 1613 1077 1645 Statius
1110 1612 1195 1643 Ach.
1228 1621 1242 1643 1
1273 1612 1349 1649 337,
1369 1611 1527 1643 Valerius
1558 1609 1703 1641 Flaccus

161 1677 199 1699 lv
222 1668 286 1699 689
307 1667 469 1708 idemque
491 1667 527 1698 in
549 1667 624 1698 loco
646 1666 707 1697 ubi
729 1665 831 1697 huius
854 1675 973 1696 uersus
995 1674 1128 1695 memor
1149 1663 1254 1695 fuisse
1277 1662 1418 1694 uidetur
1439 1671 1482 1694 111
1504 1662 1615 1693 710-2
1630 1660 1706 1702 fida

161 1719 352 1751 ministeria
374 1721 402 1750 et
424 1718 527 1750 duras
543 1741 550 1749 .
569 1741 578 1749 .
597 1741 604 1749 .
621 1727 756 1757 puynas
772 1740 780 1748 .
799 1739 807 1748 .
827 1740 834 1748 .
854 1716 892 1747 in
914 1715 1008 1747 tenui
1030 1715 1225 1747 discrimine
1246 1724 1366 1745 rerum.
1458 1715 1587 1744 nautas
1609 1714 1705 1753 post-

160 1780 269 1812 quam
293 1769 466 1801 Homerus
489 1768 530 1800 ΙΙ.
555 1777 604 1800 xv
629 1769 693 1800 628
707 1769 822 1800 τυτθὸν
849 1769 929 1799 ὑπὲκ
951 1768 1100 1798 θανάτοιο
1122 1767 1274 1806 φέρεσθαι
1299 1765 1400 1802 dixit,
1424 1763 1518 1795 idem
1541 1763 1704 1794 certatim

162 1822 377 1863 repetierunt
414 1821 632 1862 posteriores,
665 1819 763 1851 uelut
795 1819 926 1850 Aratus
959 1819 1024 1850 299
1056 1820 1166 1857 ὀλίγον
1200 1819 1235 1849 δὲ
1267 1818 1318 1848 διὰ
1351 1819 1444 1855 ξύλον
1470 1814 1555 1846 'Ait'
1589 1817 1702 1855 ἐρύκει,

162 1873 294 1906 Seneca
315 1883 368 1914 ep.
393 1873 436 1904 49
461 1873 497 1903 ll
524 1881 625 1909 erras,
648 1871 680 1902 si
702 1871 740 1902 in
762 1870 980 1911 nauiyatione
1001 1872 1132 1900 tantum
1155 1867 1327 1900 existimas
1348 1867 1530 1899 minimum
1553 1875 1622 1898 esse
1643 1874 1707 1906 quo

164 1935 186 1955 a
206 1927 306 1955 morte
325 1924 400 1954 uita
419 1923 588 1955 diducitur
605 1932 615 1953 .·
644 1922 683 1953 in
703 1922 796 1953 omni
816 1921 884 1952 loco
904 1930 1006 1961 aeque
1025 1924 1121 1951 tenue
1141 1919 1358 1951 interuallum
1378 1921 1435 1956 est,
1456 1916 1634 1949 quenalis
1652 1924 1708 1948 ΧΠ

166 1976 208 2007 58
236 1985 286 2016 sq.
315 1974 432 2015 diqitis
458 1984 480 2005 a
507 1977 607 2005 morte
633 1976 776 2004 remotus
797 1971 802 2015 Ι
821 1975 975 2013 quattuor
1002 1974 1061 2002 aut
1087 1974 1221 2010 septem,
1250 1970 1281 2001 si
1308 1970 1352 2001 sit
1379 1969 1558 2006 latissima,
1581 1968 1708 2005 taedae,

165 2035 322 2067 quosque
346 2027 526 2066 praeterea
549 2023 805 2056 Valckenaerus
829 2022 932 2054 diatr.
959 2033 1017 2063 pp.
1044 2022 1109 2054 239
1134 2031 1184 2062 sq.
1211 2024 1247 2053 et
1271 2020 1436 2062 Mayorus
1460 2019 1506 2050 ad
1530 2017 1709 2050 quenalis

165 2078 281 2109 locum
300 2075 513 2108 laudarunt:
549 2074 638 2106 adde
659 2074 736 2107 Seri.
756 2073 846 2105 Med.
870 2074 979 2105 306-8
998 2073 1109 2112 potuit
1129 2072 1223 2103 tenui
1237 2071 1341 2112 fidere
1362 2071 1462 2111 liqno,
1485 2068 1490 2113 Ι
1510 2070 1596 2101 inter
1616 2069 1707 2101 uitae

167 2127 344 2168 mortisque
367 2127 446 2158 uias
467 2124 472 2169 Ι
491 2126 638 2157 nimium
662 2124 782 2165 yracili
806 2124 911 2156 limite
939 2124 1035 2156 ducto
1125 2122 1187 2154 571
1214 2122 1277 2154 572
1301 2121 1446 2162 Aquarii
1469 2123 1570 2162 parte
1594 2120 1708 2162 prima

166 2179 300 2210 oriente
328 2180 521 2209 nascuntur
553 2176 636 2208 boni
665 2179 701 2207 et
733 2175 859 2217 integri
952 2175 1014 2206 571
1039 2177 1256 2212 probumque
1281 2172 1356 2204 cod.
1385 2172 1489 2209 Flor.,
1515 2175 1709 2210 probumue

167 2229 293 2267 GL²M²,
316 2233 506 2268 probumbe
533 2231 567 2265 L,
596 2231 784 2259 brobumbe
817 2230 851 2258 Μ
941 2225 1094 2257 573—584
1120 2224 1272 2256 Piscium
1304 2227 1404 2265 parte
1436 2224 1550 2264 prima
1577 2222 1710 2254 oriente

166 2284 360 2314 nascuntur
384 2280 523 2322 garruli,
550 2279 721 2316 maledici,
747 2277 856 2315 infidi,
877 2276 1063 2309 libidinosi.
1112 2275 1276 2308 C.C.A.G.
1304 2284 1373 2306 VIII
1396 2275 1421 2306 ii
1446 2285 1479 2316 p.
1507 2275 1550 2307 33
1576 2274 1711 2314 Ἰχθύεσ

169 2336 218 2365 εἰσ
249 2335 286 2365 τὸ
325 2333 542 2374 ψιθυριστικὸν
581 2333 634 2363 καὶ
673 2330 931 2371 ἐπιβουλευτικὸν
971 2329 1223 2369 συμβάλλονται.
1271 2327 1408 2368 Signum
1448 2327 1711 2358 συνουσιαστικόν

166 2384 297 2416 dicitur
320 2383 440 2416 Ludw.
466 2382 608 2414 Maxim.
631 2391 664 2422 p.
688 2381 751 2413 108
773 2381 813 2412 19
832 2382 868 2411 et
889 2380 981 2411 inter
1004 2381 1128 2417 ἀσελγῆ
1152 2377 1300 2409 refertur
1322 2376 1406 2408 ibid.
1432 2377 1498 2415 253
1530 2379 1712 2418 praeterea

170 2438 340 2476 ἐρωτικούσ
363 2444 421 2466 eos
445 2433 599 2475 appellat
622 2432 750 2464 Valens
773 2442 806 2473 p.
832 2432 871 2463 13
892 2431 913 2462 8
1003 2430 1065 2461 573
1085 2439 1129 2461 ne
1148 2432 1238 2461 uelit
1257 2428 1418 2465 Iacobus,
1439 2438 1527 2460 neue
1551 2431 1601 2460 sit
1618 2427 1709 2459 libri.

168 2486 341 2528 optimam
363 2484 643 2516 emendationem
666 2482 821 2523 corrupit
843 2485 966 2513 auctor
988 2490 1070 2512 suus
1093 2480 1255 2521 Scaligeri
1277 2479 1512 2511 coniecturam
1536 2479 1575 2510 in
1596 2489 1660 2520 pro
1684 2481 1714 2510 et

169 2536 367 2578 recipiendo
457 2537 589 2574 primos
608 2534 708 2566 codd.
731 2534 820 2565 Flor.
840 2536 877 2564 et
897 2532 1009 2570 Bodl.‚
1023 2535 1158 2571 primus
1178 2535 1223 2568 M,
1241 2534 1366 2570 primis
1385 2534 1408 2562 1.
1427 2533 1464 2562 et
1482 2529 1712 2572 praecedente

170 2588 242 2620 fere
262 2596 300 2619 1v
319 2587 516 2619 litterarum
539 2586 654 2628 spatio
672 2589 697 2617 G
713 2584 788 2616 cod.
802 2584 956 2616 Venetus
1046 2586 1186 2615 animus
1207 2582 1292 2619 ΠΜ,
1310 2592 1377 2613 om.
1397 2585 1446 2614 GL
1467 2580 1542 2613 cod.
1558 2580 1713 2613 Venetus

261 2642 447 2678 procedere
477 2642 546 2675 LM,
577 2641 769 2676 producere
799 2639 824 2668 G
854 2635 929 2666 cod.
957 2635 1111 2666 Venetus
1200 2644 1244 2665 ne
1273 2633 1376 2671 forte,
1407 2635 1448 2664 ut
1477 2632 1634 2673 Aquarii,
1665 2632 1714 2664 sic

173 2691 324 2723 Piscium
342 2690 492 2731 primam
510 2691 647 2730 partem
665 2690 830 2720 nascente
848 2686 988 2718 homine
1006 2686 1099 2717 exire
1117 2685 1203 2717 uelit
1221 2685 1358 2716 animus
1376 2687 1470 2721 tuus,
1490 2684 1577 2715 scito
1595 2693 1714 2725 garru-

173 2741 310 2774 litatem
328 2741 484 2772 odiosam
501 2740 586 2771 dari.
634 2739 813 2771 Bentleius
829 2747 870 2769 ne
887 2747 964 2768 uero
985 2737 1028 2769 sit
1045 2740 1074 2767 te
1091 2736 1221 2776 primos
1239 2736 1419 2775 producere
1438 2733 1565 2773 Pisces,
1586 2734 1715 2776 quibus

173 2793 289 2825 uerbis
321 2791 537 2824 subabsurde
571 2793 677 2833 poeta
705 2790 869 2822 lectorem
901 2791 1085 2829 tamquam
1118 2787 1275 2819 nondum
1310 2789 1435 2819 natum
1468 2786 1713 2828 alloqueretur.

173 2854 257 2878 nam
281 2854 400 2877 eorum
425 2843 644 2876 coniecturae
669 2842 729 2884 qui
752 2842 909 2883 ineptam
934 2850 1017 2872 neue
1041 2840 1321 2871 coniunctionem
1346 2841 1530 2871 seruarunt
1554 2848 1597 2869 ne
1622 2847 1714 2869 com-
