1872 3183
613 145 1099 188 ASTRONOMICON
1130 145 1196 186 IV
1623 150 1676 187 77

178 260 249 293 605
303 269 436 310 usque
455 268 579 296 canes
599 255 667 304 ad,
688 255 841 309 Scylla,
862 260 959 296 tuos
978 255 1234 310 auidamque
1253 254 1510 310 Charybdin.

303 328 381 371 hac
401 328 475 370 ubi
494 343 537 370 se
556 329 740 383 primum
760 335 885 383 porta
904 343 1018 370 mare
1038 329 1163 379 fudit,
1186 336 1323 383 aperto

303 407 451 444 enatat
470 402 591 444 Ionio
610 402 812 458 laxasque
832 408 1013 458 uagatur
1032 403 1076 444 in
1095 403 1230 444 undas

302 481 358 525 et,
379 475 494 530 prius
514 480 576 525 ut,
597 475 718 517 laeua
738 491 782 517 se
801 476 981 517 fundens
1001 476 1150 518 circuit
1170 490 1337 517 omnem

303 549 488 599 Italiam,
508 549 724 592 Hadriaco
744 555 960 591 mutatum
980 550 1152 591 nomina
1172 555 1319 605 ponto,

185 705 247 736 605
270 705 427 737 similiter
443 705 647 737 uocatiuum
664 706 755 737 inter
772 705 1066 747 praepositionem
1079 708 1115 737 et
1128 715 1247 737 casum
1261 715 1363 737 suum
1377 705 1558 737 Lucretius
1572 705 1675 737 collo-

136 756 234 787 cauit
250 765 294 787 111
313 757 353 788 10
370 756 500 796 tuisque
518 767 566 794 ex,
582 756 716 794 inclute,
735 756 857 788 chartis
944 760 1103 789 caribdin
1120 760 1156 794 (³,
1174 760 1380 796 charybdim
1396 761 1441 794 M,
1460 760 1624 795 cariptim
1642 761 1677 789 L.

138 806 341 848 Charybdim
364 807 533 848 Vergilius
556 807 703 839 scribere
726 808 844 849 potuit
866 808 946 847 (etsi
969 807 1104 839 codices
1126 807 1210 839 Aen.
1237 817 1280 839 111
1305 808 1369 839 684
1395 811 1457 840 aut
1483 807 1677 848 Charybdin

134 858 385 889 commendant
414 861 476 889 aut
506 858 717 899 Charybdis),
747 859 844 896 item,
875 859 1008 899 opinor,
1039 862 1121 890 ante
1150 869 1229 890 eum
1259 860 1397 900 quiuis;
1440 869 1483 890 ex
1511 860 1678 890 insecutis

137 909 250 950 poetis
270 909 458 947 quenalis,
479 909 627 941 fortasse
646 911 753 941 etiam
775 909 954 941 Phaedrus
975 909 1136 941 Lucanus
1156 909 1271 948 Silius,
1285 920 1356 941 non
1379 910 1525 942 Ouidius
1546 910 1677 942 Seneca

137 959 294 991 Valerius
319 960 453 992 Statius
477 960 658 998 Martialis,
677 960 804 1001 quibus
829 963 961 991 ceteros
986 960 1153 992 quenale
1177 962 1369 1002 superiores
1395 961 1581 1002 adiungere
1606 971 1678 993 non

136 1020 266 1042 uereor.
314 1011 496 1043 Manilium
518 1011 651 1043 Phasin
673 1012 827 1053 posuisse
850 1020 872 1042 v
895 1013 948 1049 45,
973 1021 1042 1052 quo
1065 1011 1138 1043 solo
1161 1012 1255 1053 apud
1277 1022 1357 1043 eum
1379 1012 1455 1043 loco
1477 1012 1678 1044 huiusmodi

136 1063 358 1094 accusatiuus
384 1062 496 1094 uocali
522 1063 706 1104 excipitur,
725 1065 876 1094 metrum
901 1062 1132 1104 comprobat3
1172 1073 1279 1104 quare
1305 1072 1343 1094 1v
1369 1063 1432 1094 677
1459 1074 1522 1105 pro
1548 1066 1676 1094 tantam

136 1123 207 1144 non
235 1113 384 1145 Tanaim
409 1113 469 1145 sed
498 1114 637 1145 Tanain
663 1113 901 1155 reponendum
927 1113 1096 1145 arbitror:
1132 1113 1174 1145 de
1196 1114 1309 1154 tiqrim
1331 1114 1544 1156 appellatiuo
1567 1123 1590 1145 v
1611 1115 1675 1146 707

137 1165 252 1196 minus
271 1167 367 1196 certa
385 1175 439 1196 res
458 1168 521 1196 est.
570 1168 662 1197 recte
682 1165 832 1196 editores
848 1164 988 1206 Tiphyn
1007 1173 1029 1196 v
1049 1166 1103 1203 45,
1124 1165 1190 1196 nisi
1213 1165 1354 1205 Tiplzun
1372 1166 1489 1206 potius
1508 1165 1677 1197 librorum

133 1215 340 1257 corruptelis
371 1215 584 1247 indicaretur
673 1216 737 1247 606
767 1220 833 1248 hac
864 1220 909 1253 M,
938 1226 980 1248 ac
1011 1220 1060 1248 GL
1161 1221 1286 1255 aperto
1317 1216 1455 1248 addidit
1487 1216 1678 1254 Bentleius,

135 1276 206 1307 quo
228 1267 315 1298 nihil
334 1267 549 1308 probabilius
639 1267 702 1299 607
725 1271 848 1300 enatat
870 1271 914 1305 M,
933 1272 969 1300 et
991 1271 1096 1299 natat
1117 1271 1166 1299 GL
1187 1267 1262 1299 cod.
1278 1267 1432 1299 Venetus
1523 1268 1586 1299 608
1609 1268 1677 1300 ut*

134 1317 360 1350 distinctione
384 1321 533 1356 mutata,
560 1320 595 1351 in
620 1318 698 1350 libri
812 1323 915 1351 laeua
938 1329 974 1351 se
997 1323 1146 1351 fundens
1172 1318 1333 1360 Scaliger,
1354 1323 1476 1351 laeuas
1500 1323 1680 1352 effundens

139 1369 218 1400 libri
309 1369 460 1411 Scaliger
480 1373 508 1401 et
525 1370 626 1409 prius
646 1369 684 1401 in
705 1369 802 1401 laeua
819 1381 853 1401 se
867 1370 1017 1411 fundens
1038 1369 1194 1407 dederat,
1208 1371 1244 1401 in
1265 1380 1335 1411 qua
1355 1371 1528 1412 scriptura
1545 1370 1678 1402 laeuam

136 1420 264 1460 requiri
279 1421 452 1452 intellexit
468 1420 664 1452 Gronouius
680 1420 752 1452 obs.
771 1430 814 1452 111
829 1431 856 1452 c.
879 1422 928 1452 15.
977 1421 1068 1452 idem
1080 1422 1237 1462 grauiore
1249 1424 1431 1463 perspecto
1447 1422 1534 1453 uitio
1551 1423 1678 1463 (neque

136 1472 230 1502 enim
249 1471 384 1502 Hadria
401 1471 501 1503 Ionio
519 1473 613 1513 prior
630 1473 697 1511 est)
712 1472 719 1484 ⁴
734 1482 795 1503 cur
813 1475 932 1503 autem
951 1475 979 1503 et
994 1473 1094 1512 prius
1112 1475 1124 1504 ?
1141 1472 1162 1510 ’‚
1175 1473 1273 1504 cuius
1292 1473 1491 1504 offensionis
1509 1473 1678 1505 uitandae

136 1532 242 1553 causa
264 1522 410 1553 coniecit
433 1523 470 1553 in
493 1522 613 1559 undas,
637 1521 641 1565 Ι
660 1526 696 1553 ut
715 1523 815 1562 prins
830 1534 842 1559 ,·
877 1523 915 1554 in
937 1523 1070 1555 laeuam
1092 1526 1182 1561 etc.;
1220 1524 1408 1562 Bentleius,
1433 1527 1473 1555 ut
1495 1527 1585 1556 esset
1608 1534 1677 1566 quo

137 1573 223 1604 illud
235 1573 336 1613 prins
350 1573 545 1610 referretur,
562 1573 677 1605 dehinc
692 1585 754 1615 pro
767 1577 853 1605 secat
868 1575 1015 1606 nouauit
1031 1584 1131 1606 uersu
1149 1576 1212 1606 610
1227 1576 1376 1616 synizesi
1391 1585 1461 1606 non
1476 1575 1675 1607 Maniliana.

137 1624 209 1664 ipse
236 1624 380 1655 minima
407 1625 604 1655 mutatione
632 1624 817 1656 defunctus
845 1635 932 1662 sum,
960 1635 1042 1656 nam
1070 1628 1106 1655 ut
1132 1635 1211 1657 cum
1239 1626 1276 1656 in
1303 1626 1430 1667 passim
1458 1629 1680 1668 permutatur

134 1675 242 1706 etiam
265 1674 300 1705 in
320 1675 474 1715 antiquis
494 1674 682 1712 codicibus,
704 1675 802 1706 uelut
824 1675 936 1706 Plaut.
958 1675 1033 1706 rud.
1054 1676 1128 1712 767,
1151 1675 1250 1707 Lucr.
1273 1685 1311 1707 vr
1331 1677 1406 1714 846,
1422 1676 1496 1708 Liu.
1518 1686 1561 1708 111
1581 1679 1601 1708 5
1623 1678 1675 1714 14,

137 1725 218 1757 Luc.
241 1733 310 1756 vm
329 1726 404 1763 734,
426 1726 501 1757 Val.
524 1726 573 1757 ΕΙ.
596 1734 619 1757 v
639 1727 691 1764 75,
712 1725 814 1757 Mart.
837 1735 904 1757 VIII
924 1727 943 1758 3
966 1728 1016 1764 15,
1035 1735 1100 1758 xw
1120 1728 1180 1758 221
1203 1728 1235 1764 2,
1256 1727 1404 1769 denique
1423 1728 1515 1759 Man.
1537 1737 1580 1760 111
1599 1730 1676 1766 411,

137 1776 198 1808 ubi
215 1780 252 1807 ut
267 1780 337 1814 LM,
355 1777 393 1808 in
410 1780 445 1808 G.
495 1787 589 1808 mare
612 1776 701 1809 freto
728 1777 841 1809 Siculo
866 1788 1040 1819 egressum
1065 1779 1191 1809 iterum
1215 1789 1250 1809 se
1276 1778 1376 1810 laeua
1396 1782 1495 1820 parte
1513 1779 1676 1817 effundit,

136 1827 232 1868 quod
256 1827 300 1859 ab
325 1827 483 1859 Herculis
506 1828 674 1859 columnis
698 1829 792 1869 prius
815 1828 898 1859 fecit
922 1828 1031 1860 donec
1056 1828 1162 1860 Italia
1178 1840 1295 1861 rursus
1318 1830 1465 1862 deztram
1488 1831 1526 1861 in
1549 1831 1676 1863 undam

137 1881 361 1918 procurrente
381 1879 568 1910 coercitum
589 1882 653 1911 est.
701 1889 791 1920 quae
810 1880 977 1921 praeponi
995 1879 1083 1911 solet
1101 1883 1138 1911 ut
1150 1880 1321 1921 particula
1341 1882 1549 1922 supponitur
1567 1882 1674 1914 etiam

139 1927 240 1960 Ouid.
260 1939 366 1960 amor.
386 1938 429 1960 111
448 1931 484 1960 11
507 1930 546 1960 12
561 1929 699 1961 excubiti
716 1930 875 1965 clausam.
891 1940 1009 1961 seruus
1025 1933 1071 1967 ut,
1090 1933 1165 1962 ante
1181 1931 1325 1968 domum,
1344 1931 1427 1962 Hor.
1447 1942 1545 1964 serm.
1566 1941 1578 1963 I
1595 1933 1615 1964 3
1633 1933 1675 1964 89

138 1979 306 2017 historias,
332 1980 489 2020 captiuus
515 1983 561 2017 ut,
593 1980 698 2017 audit,
726 1980 831 2011 Lucil.
861 1990 915 2022 ap.
943 1981 1041 2012 Varr.
1068 1981 1089 2012 l.
1104 1981 1140 2012 L.
1169 1990 1221 2012 VII
1248 1983 1289 2014 32
1316 1982 1484 2014 laniorum
1513 1983 1676 2014 immanis

137 2039 235 2062 canes
258 2033 304 2068 ut,
327 2030 387 2061 lib.
405 2039 475 2062 XIII
498 2041 552 2072 ap.
579 2030 668 2062 Non.
693 2041 725 2072 p.
752 2032 817 2063 398
841 2035 869 2063 et
890 2042 968 2069 non,
989 2042 1122 2073 pauper
1145 2033 1206 2070 uti,
1225 2032 1344 2064 Samio
1367 2037 1520 2074 aureoque
1541 2035 1673 2072 catino3

138 2081 222 2113 haec
243 2085 360 2113 autem
381 2082 455 2123 ipsa
471 2082 572 2122 prius
593 2085 629 2113 ut
648 2086 771 2113 extant
791 2083 826 2114 in
846 2093 948 2114 uersu
969 2083 1164 2115 Horatiano
1185 2094 1283 2115 serm.
1300 2093 1313 2115 1
1333 2086 1354 2115 4
1376 2086 1437 2116 102
1458 2095 1561 2126 quem
1581 2096 1673 2118 anno

142 2133 226 2164 1889
246 2133 282 2164 in
302 2133 449 2165 Journal
470 2132 507 2164 of
527 2133 707 2174 Philology
726 2142 821 2165 XVIII
842 2144 874 2174 p.
897 2135 933 2165 11
957 2135 1004 2165 sic
1026 2134 1182 2172 distinxi,
1200 2135 1286 2175 quod
1305 2135 1429 2167 uitium
1446 2137 1565 2176 procul
1585 2136 1675 2178 afore

134 2183 258 2215 chartis
280 2182 285 2227 Ι
305 2187 400 2224 atque
425 2184 549 2222 animo,
570 2184 670 2224 prius
695 2187 741 2222 ut,
766 2185 797 2215 si
822 2185 903 2225 quid
925 2185 1114 2225 promittere
1139 2186 1178 2217 de
1204 2196 1254 2217 me
1275 2184 1279 2228 1
1296 2196 1436 2226 possum
1462 2187 1559 2219 aliud
1586 2198 1672 2226 aere,

136 2235 315 2275 promitto;
361 2234 421 2266 ubi
453 2236 489 2266 in
522 2235 665 2276 uulgata
697 2236 988 2277 interpunctione,
1017 2246 1234 2277 quamquam
1266 2238 1391 2269 iniuria
1423 2248 1478 2269 me
1508 2239 1674 2271 orationis

135 2286 285 2319 formam
305 2289 504 2327 suspectam
526 2286 688 2318 habuisse
708 2287 862 2318 ostendit
881 2287 976 2318 locus
996 2288 1246 2329 interpretibus
1260 2288 1398 2320 Horatii
1417 2290 1556 2330 ignotus
1577 2290 1671 2323 Suet.

138 2337 204 2368 Tit.
231 2338 250 2368 7
274 2338 293 2369 3
317 2337 479 2368 abstinuit
502 2338 622 2375 alieno,
646 2341 683 2368 ut
705 2338 736 2368 si
758 2338 834 2378 quis
856 2348 1025 2378 umquam,
1044 2342 1164 2370 manet
1187 2342 1316 2376 tamen,
1341 2340 1435 2380 quod
1458 2341 1671 2382 reprehendi,

137 2388 329 2419 sententiae
352 2389 488 2420 uitium.
537 2391 689 2420 ceterum
713 2389 740 2419 si
765 2389 841 2429 quis
865 2389 1011 2420 miratur
1030 2389 1211 2421 Manilium
1237 2391 1284 2421 sic
1307 2391 1424 2431 potius
1447 2401 1552 2432 quam
1576 2396 1674 2433 utque

137 2439 234 2479 prius
255 2439 400 2470 scribere
421 2439 593 2477 maluisse,
611 2440 806 2471 consideret
827 2440 982 2471 ordinem
1004 2440 1188 2472 uerborum
1209 2442 1416 2473 necessitate
1437 2452 1507 2474 non
1528 2448 1672 2485 cogente

134 2492 312 2522 inuersum
328 2491 363 2521 in
380 2499 408 2521 11
427 2491 489 2522 169
505 2491 668 2531 quaedam
680 2491 776 2531 quod,
791 2491 855 2523 283
872 2491 989 2523 desunt
1004 2502 1098 2532 quae,
1116 2501 1139 2523 V
1155 2493 1219 2523 422
1237 2493 1330 2524 uenit
1347 2503 1384 2524 ex
1400 2494 1459 2526 illo
1474 2495 1627 2535 quisquis

225 2541 288 2572 609
305 2545 447 2574 adriaco
464 2545 643 2574 mutatum
660 2543 793 2583 egregie
811 2542 1005 2574 Gronouius
1023 2543 1094 2574 obs.
1116 2552 1159 2575 III
1176 2553 1204 2575 e.
1227 2545 1277 2581 15,
1295 2547 1457 2577 hadriam
1471 2550 1672 2579 comutatus

135 2596 182 2630 M,
197 2595 334 2625 adriam
349 2596 538 2626 comitatus
549 2594 638 2633 (-tur
650 2592 750 2633 Ven.)
761 2597 784 2625 L
795 2593 869 2625 cod.
884 2593 1046 2631 Venetus,
1059 2599 1167 2633 atque
1178 2598 1315 2627 adriam
1328 2600 1518 2628 comitatus
1531 2600 1675 2639 propter

136 2646 286 2675 metrum
312 2644 376 2675 GL2
465 2647 607 2676 nomina
633 2644 841 2682 Gronouius,
865 2648 1004 2678 nomine
1027 2645 1103 2677 libri
1194 2650 1301 2685 ponto
1322 2650 1380 2679 LM
1407 2647 1481 2679 cod.
1506 2648 1673 2687 Venetus,

133 2699 282 2733 pontum
305 2699 329 2727 G
422 2694 583 2727 ‘omnem
610 2695 778 2736 reliquam
808 2697 1020 2728 maritimam
1046 2696 1188 2729 Italiam
1222 2697 1333 2729 ambit
1359 2702 1504 2740 accepto
1530 2701 1672 2732 nomine

135 2745 303 2777 Adriatici
317 2745 325 2759 ’
347 2745 551 2777 Gronouius.
602 2746 714 2778 Strab.
731 2755 784 2778 VII
803 2757 860 2788 pp.
878 2747 942 2779 316
956 2757 1005 2788 sq.
1021 2749 1057 2779 τὸ
1072 2750 1130 2786 μὲν
1145 2750 1198 2779 οὖν
1215 2751 1318 2786 στόμα
1335 2752 1435 2781 κοινὸν
1452 2752 1570 2790 ἀμφοῖν
1587 2755 1667 2791 ἐστι,

137 2799 275 2838 διαφέρει
312 2799 345 2829 δὲ
384 2799 400 2829 ὁ
435 2797 549 2829 Ἰόνιοο·
582 2800 658 2829 διότι
697 2800 752 2829 τοῦ
791 2801 915 2839 πρώτου
953 2801 1069 2840 μέρουσ
1106 2802 1169 2838 τῆσ·
1208 2802 1374 2839 θαλάττησ
1411 2804 1535 2841 ταύτησ
1573 2804 1670 2842 ὄνομα

134 2849 220 2880 τοῦτ’
245 2852 343 2888 ἐστὶν,
375 2850 390 2880 ὁ
419 2849 444 2880 δ’
469 2848 599 2890 Ἀδρίασ
627 2852 689 2888 τῆσ
714 2851 805 2882 ἐντὸσ
833 2851 926 2891 μέχρι
955 2852 1010 2882 τοῦ
1038 2853 1151 2891 μυχοῦ,
1184 2854 1249 2883 νυνὶ
1275 2854 1309 2883 δὲ
1332 2855 1384 2884 καὶ
1408 2855 1470 2891 τῆσ
1493 2856 1671 2894 συμπάσηο·
