1872 3183
602 141 1087 185 ASTRONOMICON
1118 141 1185 184 IV
1602 147 1657 185 55

158 261 228 293 455
283 253 462 310 septima
481 267 567 295 non
586 252 744 303 melior,
764 258 829 294 ter
849 253 1024 308 quintae
1042 253 1169 294 noxia
1187 267 1264 308 par
1284 258 1361 303 est,

284 342 452 383 unaque
470 327 534 369 bis
554 327 671 369 denis
690 327 860 369 breuior
878 332 1003 369 nocet
1021 341 1190 382 unaque
1209 328 1356 377 maior,

285 407 329 444 et
347 401 491 443 similis
510 415 646 443 noxae
664 401 807 443 ueniet
825 401 1023 443 uicesima
1043 401 1195 457 quinta

285 490 465 531 cumque
485 475 594 517 duae
613 475 797 517 subeunt
815 475 884 518 uel
901 490 999 517 cum
1018 490 1061 517 se
1081 479 1285 531 quattuor
1304 475 1484 517 addunt.

338 564 413 592 nec
433 549 581 592 Cancri
600 549 737 605 prima
755 549 940 591 inmunis
959 564 1035 591 nec
1054 549 1182 591 tertia
1200 564 1298 605 pars
1318 554 1382 591 est

160 630 230 663 460
284 637 360 666 nec
380 628 500 665 sexta
519 638 528 673 3
565 628 719 666 octaua
739 629 803 665 est
821 624 979 673 similis,
1000 624 1262 679 decumaque
1280 628 1453 679 peracta

284 698 420 754 prima
439 698 564 753 rapit,
585 712 660 740 nec
680 703 745 739 ter
765 697 939 753 quintae
958 697 1201 740 clementior
1220 712 1321 740 usus
1339 712 1348 748 3

285 772 465 828 septima
483 776 582 828 post
601 772 823 814 decumam
841 772 1005 814 luctum
1024 777 1067 813 et
1085 772 1284 814 uicesima
1304 777 1450 827 portat

285 850 328 888 et
348 846 497 902 quinta
517 846 717 888 accedens
738 851 781 888 et
800 851 994 901 Septuma
1013 860 1209 902 nonaque
1229 860 1407 888 summa.

337 925 387 962 tu
406 935 574 976 quoque
595 925 798 963 contactu
816 921 966 976 primo,
986 921 1208 971 Nemeaee,
1229 920 1458 970 timendus,

119 1055 389 1098 appellarentur,
425 1059 518 1088 recte
553 1057 686 1088 coirent
721 1056 854 1088 Gemini
889 1057 987 1097 siyna
1015 1057 1088 1088 sine
1123 1057 1280 1098 epitheto
1369 1057 1433 1088 455
1470 1059 1615 1094 quintae
1628 1055 1660 1093 *‚

122 1110 229 1144 quina
249 1112 285 1140 et
302 1107 382 1140 libri
403 1117 474 1139 una
492 1107 611 1139 littera
631 1108 855 1150 transposita,
881 1108 1004 1148 quinae
1029 1107 1188 1149 Scaliger,
1211 1108 1253 1139 de
1275 1118 1344 1149 quo
1365 1108 1566 1140 soloecismo
1587 1107 1661 1140 dixi

120 1158 165 1190 ad
182 1159 258 1197 451,
275 1160 394 1200 quinta
410 1162 438 1191 et
455 1158 683 1197 Prucknerus,
701 1159 796 1200 quod
812 1162 948 1191 retento
963 1169 1046 1199 pars
1062 1159 1142 1191 ferri
1159 1162 1287 1201 potest,
1305 1169 1521 1201 quamquam
1537 1169 1660 1201 expec-

117 1211 249 1242 taueris
269 1211 387 1252 potius
407 1211 587 1251 quintaque
676 1220 742 1249 par
762 1210 922 1252 Scaliger,
944 1220 1027 1249 pars
1047 1210 1136 1248 libri,
1154 1211 1244 1242 sicut
1264 1212 1341 1249 445,
1363 1212 1439 1249 477,
1458 1219 1486 1242 Π
1507 1212 1561 1249 77,
1586 1211 1661 1248 186,

120 1262 196 1300 392,
214 1271 257 1293 111
273 1263 349 1300 239,
367 1271 390 1293 v
406 1263 471 1294 436
486 1262 590 1299 idem,
608 1262 668 1303 qui
684 1262 796 1294 multo
812 1261 1033 1304 paucioribus
1048 1261 1131 1293 locis
1147 1272 1269 1293 uerum
1285 1265 1470 1294 seruarunt
1559 1261 1663 1293 noxia

118 1313 383 1345 substantiuum
409 1316 462 1345 est
487 1324 519 1345 u.
541 1314 617 1351 418,
638 1314 723 1345 item
748 1322 777 1345 11
802 1314 866 1345 602
885 1317 921 1345 et
940 1322 978 1345 1v
997 1314 1051 1351 94,
1072 1313 1285 1345 adiectiuum
1305 1322 1328 1345 v
1347 1314 1422 1351 630,
1443 1314 1534 1345 sicut
1552 1322 1576 1345 v
1595 1313 1662 1346 320

120 1364 263 1402 noxium
294 1363 336 1395 de
353 1374 454 1395 uersu
471 1364 696 1405 suppositicio
709 1363 901 1405 eodemque
917 1366 1080 1405 corrupto
1096 1372 1125 1395 11
1141 1365 1206 1396 586
1219 1364 1307 1395 nihil
1323 1364 1408 1395 certi
1421 1364 1531 1395 statui
1544 1366 1663 1405 potest

209 1415 272 1446 456
289 1415 373 1447 haec
390 1416 455 1447 etsi
473 1415 658 1447 accedente
674 1416 863 1457 legentium
880 1415 1064 1447 uoluntate
1080 1415 1181 1447 facile
1197 1416 1349 1457 intellegi
1366 1418 1524 1457 possunt,
1542 1418 1663 1447 tamen

121 1475 183 1497 nec
204 1466 307 1508 plane
327 1476 389 1498 nec
410 1470 503 1498 recte
523 1476 594 1498 una
614 1467 664 1498 bis
684 1467 780 1499 denis
800 1466 930 1498 breuior
947 1476 1030 1506 pars
1050 1477 1113 1508 pro
1133 1466 1417 1498 undeuicensima
1438 1469 1501 1498 aut
1520 1476 1592 1498 una
1612 1466 1663 1498 bis

119 1517 216 1549 denis
235 1517 343 1549 maior
361 1528 423 1559 pro
444 1527 514 1549 una
533 1520 569 1549 et
588 1518 777 1549 uicensima
796 1517 932 1549 dicitur.
981 1527 1093 1558 neque
1112 1518 1205 1549 enim
1224 1528 1304 1559 pars
1324 1521 1424 1559 parte
1444 1520 1507 1549 aut
1526 1517 1664 1549 breuior

121 1571 183 1600 aut
202 1568 313 1600 maior
331 1572 385 1600 est
405 1568 548 1609 (nedum
569 1569 620 1600 bis
640 1569 737 1600 denis
757 1569 917 1610 partibus
937 1569 1072 1609 maior),
1094 1568 1154 1600 sed
1174 1579 1338 1600 numerus
1357 1579 1526 1606 numero3
1559 1578 1599 1600 ac
1619 1579 1663 1600 ne

119 1620 168 1651 sic
185 1619 326 1660 quidem
343 1619 379 1651 id
396 1620 524 1652 dicitur
540 1619 634 1661 quod
652 1620 719 1652 dici
737 1619 900 1658 debebat,
918 1620 1084 1661 quoniam
1101 1619 1220 1651 decem
1238 1623 1321 1652 sunt
1337 1621 1471 1652 numeri
1488 1620 1663 1652 uicenario

119 1671 277 1709 maiores,
309 1670 483 1703 breuiores
513 1671 742 1713 undeuiginti,
774 1681 923 1713 quorum
953 1681 1041 1712 quos
1071 1670 1159 1703 duos
1189 1671 1398 1713 significaret
1427 1674 1533 1713 poeta
1562 1671 1664 1703 nobis

118 1721 349 1764 colligendum
368 1722 518 1764 reliquit.
567 1726 721 1754 ceterum
741 1722 792 1754 bis
811 1723 906 1754 denis
923 1722 1078 1762 partibus
1097 1733 1160 1764 pro
1180 1726 1280 1765 parte
1300 1723 1489 1754 uicensima
1508 1722 1663 1764 positum

119 1783 162 1805 ex
179 1773 301 1805 eodem
318 1777 372 1806 est
387 1784 510 1816 genere
527 1784 596 1815 quo
614 1773 701 1806 Plin.
719 1774 789 1806 n.h.
806 1783 834 1806 11
852 1775 890 1805 81
910 1777 1028 1806 octaua
1044 1774 1082 1805 in
1096 1777 1192 1814 parte
1209 1774 1410 1814 Capricorni
1426 1798 1433 1805 .
1453 1798 1460 1805 .
1480 1798 1488 1805 .
1506 1773 1663 1812 totidem

118 1825 161 1856 in
181 1824 362 1864 partibus
385 1824 520 1862 Cancri,
545 1824 721 1866 quomodo
750 1825 858 1856 etiam
888 1824 1009 1856 Graeci
1034 1824 1208 1863 locuntur,
1232 1825 1330 1857 uelut
1353 1824 1552 1856 Dorotheus
1576 1825 1663 1857 80—3

119 1875 248 1917 (Heph.
267 1875 374 1908 Theb.
394 1885 408 1907 1
433 1877 464 1915 8,
483 1876 647 1908 C.C.A.G.
667 1885 705 1908 V1
721 1887 754 1918 p.
774 1877 832 1917 95)
855 1877 988 1909 Ἠέλιοσ
1009 1878 1118 1918 Κριοῖο
1142 1877 1211 1909 κατ’
1235 1879 1325 1909 ἐννέα
1350 1880 1401 1908 καὶ
1425 1879 1500 1908 δέκα
1520 1879 1636 1917 μοίραο·
1655 1874 1661 1919 1

119 1929 254 1968 ὑψοῦται
273 1953 278 1958 .
301 1951 308 1959 .
328 1952 334 1958 .
356 1929 515 1967 Αἰγὶοχοο·
531 1930 567 1960 δὲ
585 1926 590 1971 Ι
608 1930 767 1969 Καρκίνου
783 1932 816 1960 ἐν
834 1930 1006 1960 δεκαπέντε
1093 1928 1157 1959 458
1180 1938 1223 1960 ne
1240 1928 1325 1960 haec
1349 1927 1490 1969 quidem
1508 1931 1662 1960 mentem

117 1980 243 2020 poetae
267 1978 352 2010 satis
376 1979 589 2020 exprimunt,
610 1979 689 2010 uult
708 1980 801 2011 enim
814 1979 822 1992 ‘
846 1989 922 2011 cum
942 1979 1028 2011 duae
1047 1979 1198 2017 subeunt,
1220 1982 1297 2011 tum
1315 1979 1435 2010 similis
1451 1989 1564 2011 noxae
1582 1989 1663 2021 pars

118 2029 237 2061 ueniet
250 2029 258 2042 ³
351 2029 503 2060 459-463
521 2029 642 2061 Cancri
658 2033 777 2071 partes
794 2039 808 2062 1
824 2038 868 2061 111
881 2039 920 2062 v1
932 2039 1000 2061 vm
1011 2039 1052 2061 XI
1062 2039 1112 2062 xv
1125 2039 1206 2062 xvn
1216 2039 1267 2061 xx
1278 2039 1353 2061 xxv
1365 2039 1470 2062 xxvn
1481 2039 1572 2061 xxrx

163 2080 228 2111 459
245 2090 303 2112 nec
321 2104 328 2112 .
347 2104 355 2112 .
375 2104 382 2112 .
402 2081 566 2118 inmunis,
589 2089 613 2112 v
635 2082 676 2113 33
701 2091 759 2112 nec
782 2081 869 2121 pelle
892 2081 1046 2112 inmunis
1070 2081 1110 2113 ab
1135 2082 1214 2121 ipsa
1237 2081 1346 2119 Aries,
1372 2081 1508 2113 uelleris
1531 2080 1661 2112 damno

119 2130 278 2163 adfectus
367 2131 431 2163 460
451 2136 578 2164 octaua
598 2136 616 2164 ἓ
637 2132 827 2170 Bentleius,
849 2136 996 2165 octauae
1017 2136 1077 2170 GL,
1099 2136 1245 2165 octabae
1268 2136 1302 2164 M
1391 2135 1537 2164 decuma
1554 2132 1661 2164 Bent-

117 2183 214 2221 leius,
233 2186 398 2215 decumae
414 2187 474 2221 GL,
489 2193 605 2216 secum
619 2193 656 2216 se
669 2187 714 2221 Μ,
727 2183 944 2224 decumaeque
957 2187 1110 2224 peractae
1125 2183 1284 2225 Scaliger.
1331 2184 1396 2215 475
1413 2187 1594 2224 quartaque
1611 2183 1662 2215 bis

118 2234 214 2265 denis
233 2233 326 2272 actis,
347 2235 412 2266 490
431 2235 585 2266 decumae
604 2235 778 2266 succedens
794 2235 910 2274 prima
931 2238 1084 2274 peractae
1172 2235 1234 2266 461
1255 2234 1357 2275 rapit,
1376 2234 1442 2266 hoc
1461 2237 1516 2266 est
1533 2234 1662 2273 aufert,

117 2285 299 2323 interimit,
324 2286 470 2317 nimium
494 2285 645 2324 uidetur,
670 2285 730 2318 sed
754 2285 893 2327 probari
916 2296 986 2317 non
1010 2285 1133 2318 debuit
1155 2285 1250 2327 quod
1274 2286 1453 2318 Bentleius
1476 2285 1662 2319 substituit

118 2335 215 2374 rabit,
233 2336 241 2349 ‘
255 2336 342 2368 furit
357 2339 467 2375 aestu,
483 2337 519 2368 in
535 2337 667 2369 Cancro
682 2337 812 2368 seilicet
826 2337 834 2349 '
852 2338 1112 2379 interpretatus.
1160 2347 1201 2369 eo
1217 2337 1324 2369 uerbo
1339 2340 1376 2369 et
1390 2337 1493 2369 simul
1507 2337 1660 2370 latrandi

119 2386 280 2420 Manilius
300 2396 324 2419 v
344 2389 409 2420 208
429 2391 465 2420 et
485 2389 550 2419 224
571 2398 653 2420 usus
673 2391 726 2420 est
747 2388 791 2419 ad
812 2389 972 2420 caninam
994 2388 1125 2420 rabiem
1146 2388 1420 2430 significandam,
1442 2399 1531 2430 quae
1552 2389 1661 2421 sterili

117 2438 238 2470 sideris
262 2440 355 2480 parti
380 2439 492 2471 multo
516 2440 630 2471 minus
655 2440 815 2481 congruit
839 2449 945 2481 quam
971 2440 1024 2472 uis
1048 2439 1237 2471 mortifera.
1285 2440 1420 2472 accedit
1444 2443 1485 2472 ut
1509 2442 1546 2472 et
1569 2441 1662 2481 rapit

120 2489 279 2521 absolute
311 2491 465 2532 positum
497 2494 533 2523 et
566 2491 660 2532 quod
692 2491 850 2532 sequitur
881 2500 939 2523 nec
956 2515 963 2522 .
983 2515 990 2522 .
1010 2515 1017 2522 .
1036 2491 1223 2523 clementior
1254 2491 1364 2523 redire
1396 2491 1584 2523 uideantur
1615 2491 1661 2524 ad

120 2540 219 2582 Verg.
247 2551 359 2582 georg.
388 2550 431 2572 111
459 2542 500 2573 66
526 2542 629 2574 durae
655 2542 745 2582 rapit
771 2542 982 2573 inclementia
1007 2543 1122 2573 mortis
1213 2545 1359 2580 quintae
1384 2546 1453 2580 Lm,
1480 2545 1608 2581 quinae
1635 2547 1660 2575 G

119 2591 194 2623 cod.
211 2591 376 2630 Venetus,
403 2592 497 2633 quod
524 2603 544 2624 a
570 2592 741 2635 Scaligero
767 2593 881 2625 textui
913 2593 1062 2625 inlatum
1095 2603 1150 2624 me
1176 2596 1318 2625 auctore
1343 2594 1492 2625 eiectum
1517 2596 1572 2625 est

164 2643 227 2674 463
252 2646 288 2675 et
312 2642 460 2675 alterum
490 2643 565 2682 (ΗΡ,
591 2654 658 2676 om.
684 2648 743 2676 ΕΜ
831 2644 984 2676 464-468
1010 2644 1134 2676 Leonis
1151 2647 1268 2686 partes
1286 2653 1299 2676 1
1316 2653 1354 2676 1v
1377 2653 1402 2676 x
1417 2653 1467 2676 xv
1482 2653 1563 2676 xx11
1584 2653 1660 2677 xxv

116 2702 237 2726 xxvrn
266 2702 342 2726 xxx
431 2694 496 2726 464
528 2699 694 2727 contactu
725 2694 800 2727 cod.
835 2695 938 2733 Flor„
972 2700 1156 2728 contractu
1188 2699 1281 2728 GLM.
1329 2699 1479 2727 contactu
1510 2695 1661 2738 Scaliger

119 2746 226 2777 uertit
252 2745 364 2786 ἐπαφῇ
388 2748 445 2777 τοῦ
469 2747 640 2786 ὀρίζοντοσ,
667 2746 861 2778 cuiusmodi
883 2750 937 2778 est
961 2746 1075 2779 Germ.
1102 2747 1227 2789 phaen.
1256 2747 1320 2779 660
1345 2746 1502 2787 Scorpios
1529 2748 1661 2780 ardenti

118 2806 194 2828 cum
210 2800 338 2837 pectore
356 2797 492 2838 conbiqit
510 2800 623 2836 ortu33
656 2808 734 2829 cum
755 2801 873 2829 autem
893 2798 988 2829 nulla
1007 2798 1196 2831 horizontis
1216 2798 1308 2830 adsit
1326 2798 1544 2841 significatio,
1564 2800 1659 2840 equi·

118 2848 198 2880 dem
216 2848 373 2881 homines
391 2849 478 2891 signi
495 2849 600 2881 radiis
618 2853 799 2882 contactos
816 2849 989 2892 intellego,
1008 2851 1098 2882 sicut
1116 2850 1244 2883 dicitur
1261 2850 1348 2882 Plin.
1368 2850 1438 2882 n.h.
1456 2859 1577 2882 xxxm
1597 2851 1660 2883 122
