1872 3183
165 152 216 190 16
752 144 814 186 Μ.
848 143 1101 185 MANILII

322 257 532 300 oderimus
553 256 686 311 magis
705 255 749 297 in
768 254 938 310 eulpam
958 267 1200 309 poenasque
1219 256 1396 295 creatos

322 347 397 374 1160
417 331 546 373 refert
566 330 702 372 scelus
721 329 834 371 unde
853 328 994 378 eadat,
1015 327 1148 369 scelus
1169 341 1257 369 esse
1275 326 1512 369 fatendum.

322 407 401 449 1100
422 420 591 461 quoque
610 404 741 446 fatale
761 408 839 454 est,
860 403 920 445 sie
940 403 1080 458 ipsum
1100 401 1335 457 expendere
1354 401 1507 442 fatum.

379 480 511 536 [quod
532 479 734 534 quoniam
754 478 891 527 docui,
912 482 1102 533 superest
1121 491 1233 518 nuno
1254 476 1398 517 ordine
1418 480 1534 517 certo

201 564 266 596 120
322 555 513 597 caelestis
533 553 741 595 fabricare
760 552 929 608 gradus,
951 551 1024 606 qui
1045 551 1196 592 ducere
1215 550 1324 592 flexo

324 629 498 672 tramite
517 628 775 684 pendentem
794 626 968 669 ualeant
987 626 1042 667 ad
1062 625 1198 666 sidera
1217 627 1394 675 uatem.]

379 718 490 746 nune
510 703 591 745 tibi
611 703 826 758 signorum
846 715 982 743 mores
1002 714 1301 755 summumque
1320 698 1503 741 colorem

161 857 329 889 suadente.
378 853 512 886 aceedit
530 856 571 885 ut
589 863 652 895 pro
670 853 729 884 illo
748 852 841 884 uenit
859 851 1001 894 pluralis
1020 851 1154 883 numeri
1174 850 1319 882 uerbum
1338 850 1559 891 requiratur;
1591 858 1705 890 neque

163 909 255 940 enim
273 907 453 939 hominum
471 906 596 937 merita
613 905 779 936 maiorem
796 904 940 946 gloriam
957 906 1142 945 propterea
1158 902 1285 934 habere
1302 901 1370 933 dici
1387 903 1534 943 possunt
1551 899 1647 942 quod
1664 910 1706 932 ea

164 960 272 1002 gloria
285 958 340 990 uel
352 957 526 999 gaudente
539 956 595 988 uel
607 958 751 997 cogente
764 955 858 987 eaelo
871 955 1001 986 ueniat.
1049 954 1114 986 hoc
1127 954 1264 991 uitium,
1279 963 1348 994 quo
1362 951 1523 994 Sealigeri
1536 951 1708 983 editiones

163 1013 283 1043 carent
295 1011 337 1051 (is
348 1010 441 1041 enim
452 1009 555 1040 u.114
568 1008 671 1039 menti
681 1008 803 1049 inepta
815 1017 897 1038 sane
909 1006 1084 1038 sententia
1095 1016 1116 1037 a
1127 1005 1360 1047 superioribus
1371 1006 1554 1046 acceptum
1567 1003 1710 1042 tenuit),

164 1063 374 1099 Bentleium,
393 1071 474 1093 cum
493 1060 622 1092 meritis
640 1059 850 1096 restitueret,
865 1058 982 1100 fugere
1007 1067 1077 1089 non
1102 1056 1247 1094 debuit;
1279 1056 1448 1088 Iacobum
1474 1056 1603 1097 quique
1629 1057 1712 1096 post

164 1124 244 1146 eum
261 1114 356 1145 caelo
371 1112 545 1155 gaudente
562 1113 734 1143 uenerunt
749 1110 898 1142 editores
915 1110 1057 1141 mirarer
1072 1109 1100 1140 si
1116 1118 1186 1140 non
1201 1107 1347 1149 fugisset
1362 1120 1369 1139 :
1399 1107 1491 1139 solus
1507 1107 1712 1148 Postgatius

164 1166 261 1198 uerbi
276 1175 420 1197 numero
434 1164 681 1196 conuenienter
695 1162 805 1194 meriti
898 1161 959 1192 117
974 1164 1080 1193 cadat
1094 1164 1130 1198 G,
1146 1163 1242 1192 cadit
1256 1163 1325 1197 LM,
1340 1159 1382 1191 de
1397 1169 1467 1200 quo
1482 1158 1609 1191 mendo
1623 1158 1710 1190 satis

163 1217 236 1249 dixi
253 1217 297 1248 ad
314 1226 357 1248 111
373 1217 437 1249 385
529 1215 590 1245 118
606 1217 718 1246 fatale
734 1217 794 1251 GL,
810 1215 914 1245 facile
935 1216 968 1244 Μ
1059 1212 1107 1243 sic
1123 1215 1164 1243 ut
1179 1222 1241 1254 ego
1257 1221 1349 1242 nune
1364 1210 1455 1242 facio
1471 1211 1586 1251 ipsum
1596 1209 1712 1251 fatum

168 1269 347 1310 expendere
373 1270 479 1309 atque
505 1266 729 1303 examinare3
768 1275 875 1306 quam
902 1264 1112 1296 sententiam
1139 1263 1184 1295 ob
1211 1263 1337 1295 mirum
1363 1265 1400 1294 et
1425 1262 1485 1294 uix
1511 1261 1711 1293 credibilem

164 1320 323 1362 Pingraei
353 1328 502 1351 errorem
533 1316 779 1349 declarandam
809 1316 904 1348 duxi.
952 1325 981 1347 Π
1014 1316 1076 1347 149
1106 1315 1164 1346 hoc
1193 1324 1319 1355 quoque
1342 1313 1494 1355 fatorum
1524 1316 1580 1351 est,
1612 1313 1713 1353 legem

161 1372 346 1414 perdiscere
359 1371 429 1412 fati
521 1369 669 1400 119-121
690 1369 764 1400 iure
790 1368 923 1410 optimo
944 1367 1074 1399 deleuit
1094 1366 1282 1398 Bentleius.
1330 1365 1417 1406 quod
1434 1365 1595 1406 quoniam
1614 1364 1714 1396 docui

163 1424 280 1465 inquit
292 1436 299 1455 :
319 1426 356 1454 at
368 1423 404 1454 in
416 1424 493 1454 toto
505 1421 569 1453 1100
582 1420 758 1463 prooemio
771 1419 857 1452 nihil
868 1429 950 1451 sane
962 1421 1068 1461 poeta
1079 1418 1210 1455 docuit,
1223 1428 1293 1459 quo
1305 1417 1412 1449 uerbo
1424 1416 1509 1458 quid
1521 1416 1714 1458 significare

164 1475 276 1507 soleat
301 1474 385 1505 disci
410 1476 528 1514 potest
552 1483 595 1504 ex
621 1481 649 1503 11
671 1473 747 1509 751,
770 1480 813 1503 111
835 1471 889 1508 39,
912 1471 988 1508 447,
1012 1470 1099 1507 560;
1135 1468 1383 1501 tantummodo
1404 1467 1622 1509 praedicauit
1645 1467 1715 1499 fati

166 1526 362 1569 potentiam
389 1528 425 1556 et
451 1526 487 1556 in
514 1534 556 1555 ea
582 1534 617 1555 re
645 1525 911 1565 argumentatus
937 1525 1000 1553 est.
1049 1524 1214 1553 secuntur
1241 1519 1364 1552 deinde
1392 1519 1556 1551 caelestes
1583 1518 1711 1560 gradus

166 1579 253 1610 miro
275 1577 417 1609 consilio
438 1576 612 1614 fabricati,
635 1575 762 1616 quibus
784 1577 895 1612 uates,
917 1584 988 1605 non
1009 1573 1209 1614 discipulus,
1232 1572 1321 1603 flexo
1344 1572 1497 1608 tramite,
1520 1581 1591 1602 non
1605 1574 1714 1609 recto,

166 1630 211 1661 ad
237 1629 351 1661 sidera
377 1628 535 1660 dueatur.
585 1630 762 1668 postremo
788 1626 841 1657 his
868 1625 980 1657 tribus
1006 1624 1183 1656 uersiculis
1209 1623 1318 1655 subici
1345 1633 1416 1654 11011
1441 1623 1560 1664 potuit
1585 1633 1618 1654 u.
1650 1623 1712 1653 122

166 1691 267 1719 nunc,
289 1691 352 1722 pro
373 1691 442 1721 quo
464 1678 650 1711 dicendum
671 1678 740 1709 fuit
761 1677 858 1709 uelut
879 1687 917 1708 ac
935 1676 1111 1717 primum:
1145 1675 1292 1707 sublatis
1313 1674 1442 1706 eisdem
1462 1675 1515 1706 ita
1534 1674 1716 1716 superiora

164 1733 297 1774 exeipit
312 1734 354 1764 ut
370 1740 383 1763 1
400 1732 476 1769 255,
494 1739 537 1762 111
554 1731 608 1767 43,
627 1730 702 1767 275,
721 1730 797 1766 443,
816 1729 891 1766 510,
909 1737 947 1759 1v
964 1728 1040 1765 310,
1059 1727 1134 1764 585,
1153 1736 1175 1758 v
1195 1728 1268 1764 174,
1287 1726 1351 1757 486
1444 1725 1506 1756 120
1528 1729 1616 1757 flexo
1637 1725 1714 1757 GL2.

166 1788 268 1823 plexo
286 1787 344 1815 LM
363 1783 438 1814 cod.
455 1783 609 1814 Venetus
702 1780 762 1811 121
782 1783 993 1818 pendentem
1012 1782 1058 1816 M,
1076 1782 1287 1817 prudentem
1305 1781 1363 1809 GL.
1411 1776 1600 1818 prudentia
1618 1777 1710 1808 uatis

167 1836 257 1868 flexo
275 1835 417 1867 tramite
434 1833 584 1865 ducendi
601 1843 671 1864 non
688 1832 828 1864 uidetur
844 1830 1078 1873 praedicanda
1094 1843 1101 1862 ε
1132 1829 1262 1871 pendet
1279 1829 1339 1870 qui
1356 1828 1466 1860 solido
1483 1838 1554 1860 non
1569 1828 1713 1866 insistit,

165 1887 266 1919 uelut
288 1886 432 1918 Perseus
455 1894 478 1917 v
501 1885 565 1917 593
658 1883 805 1915 122-291
830 1893 917 1924 quos
947 1892 1058 1914 mores
1081 1881 1267 1923 studiaque
1289 1884 1326 1912 et
1349 1883 1440 1911 artes
1462 1880 1561 1921 signa
1582 1879 1716 1911 zodiaci

168 1937 368 1970 hominibus
400 1947 443 1968 ex
478 1946 513 1967 se
546 1934 770 1967 nascentibus
803 1934 963 1965 tribuant
991 1933 1187 1975 exponitur.
1247 1931 1353 1963 fuisse
1375 1934 1513 1973 praeter
1534 1931 1717 1962 Manilium

168 2000 239 2022 non
262 1999 393 2031 paucos
416 1988 476 2029 qui
499 1987 583 2019 haec
608 1986 652 2018 ad
673 1995 728 2018 XII
750 1985 863 2017 sidera
885 1985 1106 2026 potissimum
1129 1984 1296 2015 referrent
1319 1985 1466 2024 apparet
1488 1992 1531 2013 ex
1554 1982 1602 2014 eis
1625 1992 1715 2023 quae

170 2041 295 2074 Sextus
318 2040 502 2082 empirieus
529 2040 612 2079 πρὸσ
631 2041 721 2078 ἀστρ.
760 2038 891 2069 95-102
907 2040 943 2068 et
961 2036 1109 2068 Basilius
1129 2035 1246 2067 homil.
1265 2044 1303 2066 VI
1318 2035 1354 2066 in
1371 2034 1528 2066 hexaem.
1547 2044 1580 2075 p.
1601 2035 1643 2065 55
1661 2033 1714 2065 ed.

169 2092 288 2130 Garn.,
313 2091 418 2133 Mign.
445 2093 535 2132 patr.
562 2090 619 2122 Gr.
643 2098 734 2121 xxrx
758 2099 816 2130 pp.
846 2089 908 2120 130
932 2098 996 2129 sq.‚
1021 2090 1144 2119 contra
1166 2087 1261 2118 illam
1286 2086 1497 2117 sententiam
1521 2085 1718 2127 disputant,

169 2145 362 2185 eodemque
387 2145 550 2184 spectant
574 2141 666 2173 Petr.
694 2142 736 2173 39
761 2143 797 2172 et
822 2140 918 2172 anth.
946 2139 1018 2171 Pal.
1043 2148 1083 2170 XI
1108 2139 1181 2170 318.
1241 2138 1272 2169 ei
1297 2148 1378 2169 uero
1403 2147 1553 2178 quorum
1587 2137 1719 2178 scripta

172 2198 359 2237 supersunt
372 2194 536 2235 astrologi
549 2192 661 2224 multo
674 2193 789 2223 minus
802 2192 900 2233 signa
911 2192 947 2222 in
960 2191 1024 2222 hac
1038 2201 1072 2221 re
1087 2200 1193 2231 quam
1206 2189 1365 2231 planetas
1377 2189 1505 2230 pollere
1517 2188 1715 2220 uoluerunt.

171 2248 268 2279 uelut
292 2246 421 2278 Paulus
447 2244 702 2276 Alexandrinus
728 2243 757 2275 O
770 2244 854 2281 4-P‚
881 2243 940 2274 ubi
965 2242 1145 2283 quaeritur
1162 2243 1233 2282 περὶ
1253 2243 1351 2272 ποίασ
1370 2241 1505 2280 πράξεισ
1524 2242 1576 2271 καὶ
1592 2240 1718 2280 τέχνασ-

171 2301 262 2331 ἕσται
287 2299 324 2330 τὸ
347 2298 556 2337 γεννώμενον,
580 2296 731 2337 primum
755 2295 872 2327 stellas
893 2295 1015 2326 Martis
1038 2293 1179 2325 Veneris
1208 2292 1379 2329 Mercurii,
1403 2291 1528 2322 deinde
1561 2291 1719 2323 cardines

170 2354 208 2382 et
230 2350 384 2391 quinque
406 2351 585 2390 praeterea
607 2346 833 2388 dodecatropi
855 2346 987 2387 templa
1009 2344 1222 2387 respicienda
1243 2353 1315 2375 esse
1337 2343 1449 2374 docet.
1497 2343 1719 2375 Ptolemaeus

171 2405 252 2433 tetr.
266 2412 298 2442 p.
313 2401 355 2432 46
366 2401 401 2431 in
412 2400 527 2441 capite
539 2401 610 2439 περὶ
622 2401 764 2439 πράξεων
776 2400 949 2436 ποιότητοσ
960 2397 1064 2439 paulo
1076 2397 1152 2438 plus
1164 2396 1268 2437 signis
1279 2394 1448 2431 concedit,
1459 2396 1496 2425 τὸ
1508 2396 1542 2425 δὲ
1554 2397 1644 2426 ποιὸν
1655 2397 1719 2426 τῶν

174 2455 317 2493 πράξεων
336 2451 603 2492 (διακριθήσεται)
615 2453 648 2481 ἐκ
659 2452 721 2488 τῆσ
733 2451 931 2490 ἰδιοτροπίασ
943 2451 1005 2480 τῶν
1018 2450 1110 2488 τριῶν
1123 2448 1264 2488 ἀστέρων
1286 2449 1312 2489 3
1326 2448 1377 2477 καὶ
1391 2449 1413 2488 ῼ
1428 2448 1480 2477 καὶ
1498 2447 1521 2489 Q
1537 2448 1588 2477 καὶ
1605 2448 1639 2478 ἐκ
1656 2449 1719 2486 τῆσ

173 2503 235 2532 τῶν
250 2502 366 2541 ζῳδίων
379 2502 410 2531 ἐν
424 2501 473 2531 οἷο·
485 2501 521 2531 ἂν
535 2502 657 2539 τύχωσι
670 2500 970 2539 παραπορευόμενοι,
985 2509 1018 2540 p.
1032 2500 1073 2530 47
1086 2500 1210 2529 καὶτῶν
1223 2500 1340 2538 ζῳδίων
1352 2500 1385 2529 δὲ
1397 2502 1429 2529 ἐν
1441 2499 1491 2529 οἶσ
1503 2500 1541 2529 ἂν
1554 2499 1629 2528 ὦσιν
1641 2499 1669 2528 οἱ
1682 2498 1720 2528 τὸ

174 2554 331 2593 πράσσειν
348 2550 552 2592 παρέχοντεσ
565 2551 731 2591 (ἀστέρεσ)
754 2553 785 2581 αἱ
804 2549 873 2582 κατ’
888 2552 974 2581 εἷδοσ
992 2551 1179 2589 ι’ὂιοτροπίαι
1197 2551 1440 2590 συμβάλλονταί
1454 2562 1485 2580 τι
1502 2551 1584 2589 πρὸσ
1597 2550 1634 2580 τὸ
1649 2561 1719 2580 ποι-

176 2606 263 2635 κίλον
277 2605 339 2635 τῶν
354 2604 509 2644 πράξεων,
525 2602 584 2633 ubi
600 2602 694 2643 quod
709 2602 779 2634 κατ’
794 2604 879 2633 εἶδοσ
893 2601 988 2638 dicit,
1003 2601 1173 2642 significat
1188 2601 1418 2643 proprietates
1431 2601 1534 2632 certis
1545 2600 1721 2642 signorum

176 2655 358 2696 generibus
377 2664 589 2691 communes,
609 2664 698 2694 quae
718 2653 841 2685 deinde
858 2656 1050 2690 enumerat,
1068 2654 1334 2693 ἀνθρωπόμορφα,
1358 2654 1552 2693 τετράποδα,
1571 2653 1718 2693 τροπικὰ,

176 2708 351 2746 ἰσημερινὰ,
384 2708 531 2746 χερσαῖα,
565 2706 721 2745 κάθυγρα,
751 2708 787 2736 et
811 2704 930 2745 quales
952 2714 1109 2745 quaeque
1128 2706 1219 2735 artes
1239 2703 1398 2736 tribuant
1415 2703 1579 2741 declarat,
1593 2702 1720 2743 quibus

176 2757 302 2789 similia
318 2757 480 2798 leguntur
497 2758 532 2788 in
552 2756 669 2788 Ludw.
689 2756 830 2787 Maxim.
850 2766 907 2797 pp.
929 2756 1035 2787 llo—2
1053 2758 1123 2796 περὶ
1141 2757 1412 2793 ἀποτελεσμάτων
1430 2758 1492 2786 τῶν
1518 2753 1561 2795 ιβ’
1580 2755 1719 2793 ζῳδίων;

178 2808 270 2840 idem
288 2819 320 2849 p.
343 2809 387 2840 40
403 2809 438 2839 in
458 2809 572 2849 capite
593 2810 664 2848 περὶ
682 2809 856 2845 ποιότητοσ
875 2809 987 2847 ψυχῆσ
1005 2806 1049 2838 ad
1074 2807 1232 2848 planetas
1251 2807 1426 2848 pleraque,
1444 2805 1576 2847 aliquid
1601 2808 1720 2837 tamen

179 2859 223 2892 ad
237 2870 277 2891 ea
293 2859 397 2892 refert
410 2861 506 2901 signa
519 2860 555 2891 in
568 2859 694 2900 quibus
706 2859 761 2890 uel
779 2859 878 2890 Luna
891 2859 943 2891 uel
958 2859 1115 2890 Mercurii
1129 2859 1228 2890 stella
1239 2859 1432 2890 constituta
1444 2858 1499 2896 sit,
1514 2867 1603 2899 quae
1615 2860 1721 2899 prout
