1872 3183
194 138 246 176 18
779 131 841 173 Μ.
874 130 1127 173 MANILII

353 243 508 286 uellera
528 242 715 284 diuersos
735 256 787 284 ex
806 255 849 283 se
868 241 1077 296 parientia
1096 246 1298 296 quaestus
1317 256 1324 283 :

231 326 296 358 130
353 332 464 360 1111116
484 317 714 373 glomerare
734 316 849 358 rudis
869 330 980 357 nunc
1000 329 1142 357 rursus
1162 315 1321 357 soluere
1341 314 1472 364 lanas,

353 407 464 434 nunc
485 397 661 433 tenuare
680 390 763 432 leui
782 390 852 432 filo
872 404 984 431 nunc
1004 389 1155 432 ducere
1174 389 1293 439 telas,

354 481 465 509 nunc
486 480 622 508 emere
643 470 686 507 et
705 465 845 507 uarias
864 465 908 506 in
927 469 1153 519 quaestum
1171 464 1353 506 uendere
1373 468 1525 513 uesteS,

354 541 449 596 quis
467 541 557 582 sine
576 554 661 582 non
680 544 881 595 poterant
900 539 1010 580 ullae
1028 539 1254 580 subsistere
1273 544 1419 594 gentes

354 615 422 658 uel
441 615 529 657 sine
548 614 728 656 luxuria.
786 618 958 655 tantum
979 618 1043 654 est
1063 628 1181 668 opus,
1202 613 1293 669 ipsa
1312 613 1488 654 suismet

231 697 297 730 135
353 689 541 732 adseruit
561 688 700 731 Pallas
720 688 916 730 manibus
937 687 1195 743 dignumque
1214 687 1400 743 putauit,

353 779 480 819 seque
499 764 543 805 in
562 763 809 806 Arachnaeo
830 777 1029 818 magnam
1049 767 1176 818 putat
1196 777 1283 804 esse
1303 760 1534 817 triumpho.

188 950 360 991 plerisque
383 949 547 991 probauit
568 948 719 990 Scaliger
740 949 805 980 sub
821 948 954 990 fructus
975 947 1115 979 nomine
1138 950 1275 989 praeter
1295 946 1411 978 lanam
1434 946 1604 987 intellegit
1626 954 1737 987 agnos

188 1002 234 1034 ad
254 1002 504 1043 iugulationem
525 1003 563 1032 et
581 1001 728 1032 macello
747 1000 874 1038 datos;
907 1000 938 1032 ei
959 1009 1042 1031 uero
1061 999 1177 1031 minus
1197 998 1276 1030 huic
1296 999 1372 1030 loco
1391 999 1605 1030 conueniunt
1625 1007 1731 1038 quam

188 1053 346 1085 uersibus
375 1053 482 1084 184—ss
507 1055 544 1083 et
569 1052 670 1083 laniis
695 1052 760 1083 sub
787 1051 901 1083 Leone
926 1051 1029 1088 natis,
1057 1060 1170 1091 neque
1195 1050 1232 1081 in
1256 1050 1411 1091 iugulum
1437 1049 1569 1081 dantur
1593 1049 1733 1080 uellera.

187 1106 226 1137 in
242 1105 382 1145 uulqum
398 1104 463 1135 hoc
480 1114 581 1135 uersu
598 1106 715 1145 poeta,
733 1112 756 1134 v
774 1105 792 1135 Τ
796 1104 837 1135 37
853 1103 926 1134 sine
944 1102 1199 1143 praepositione
1215 1101 1360 1133 alteram
1378 1101 1568 1133 accusatiui
1583 1100 1731 1132 formam

187 1156 316 1197 posuit,
333 1156 425 1187 sicut
442 1155 611 1195 Vergilius
628 1155 713 1186 Aen.
733 1163 761 1185 11
779 1156 821 1186 99
839 1155 876 1185 in
893 1154 1038 1193 uolqum,
1057 1156 1111 1185 ter
1127 1153 1245 1192 uolqus
1260 1162 1332 1184 11011
1348 1152 1534 1184 accedente
1551 1152 1589 1184 in
1604 1163 1613 1190 ;
1643 1150 1737 1183 adde

186 1200 283 1248 q‘uod
298 1217 331 1239 u.
352 1208 414 1238 125
430 1206 579 1237 habetur
594 1216 738 1242 rursum,
760 1206 821 1238 130
837 1208 873 1237 et
889 1205 1017 1247 passim
1034 1215 1162 1236 rursus.
1210 1204 1297 1236 bene
1313 1207 1430 1235 autem
1447 1204 1484 1235 in
1498 1203 1641 1244 uulgum
1657 1202 1735 1234 dari

185 1258 352 1290 dicuntur
370 1259 445 1298 quis
463 1259 537 1289 sine
554 1267 622 1289 non
637 1261 792 1298 poterant
809 1257 898 1288 ullae
916 1256 1091 1288 subsistere
1109 1259 1216 1296 qentes
1231 1267 1240 1293 ;
1271 1256 1331 1296 qui
1350 1255 1441 1286 enim
1455 1255 1588 1296 fructus
1605 1253 1732 1295 signifi-

185 1313 310 1342 centur
324 1309 478 1350 explicat
493 1309 667 1340 adiectum
685 1312 713 1339 et
728 1308 851 1340 uellera
941 1311 1042 1340 dabit
1056 1307 1166 1344 GL2M,
1183 1309 1284 1338 dabis
1297 1311 1320 1338 L
1333 1306 1409 1338 cod.
1426 1306 1580 1338 Venetus
1673 1305 1736 1336 129

187 1364 366 1401 parientia
379 1360 453 1398 GL²‚
468 1363 632 1399 parentia
649 1363 708 1391 LM
817 1359 876 1390 131
895 1359 985 1396 telas,
1001 1359 1156 1391 stamina
1168 1358 1260 1389 unde
1274 1358 1362 1390 fiant
1379 1358 1480 1395 telae,
1499 1367 1611 1398 neque
1628 1357 1732 1393 enim,

187 1413 271 1445 dum
292 1415 484 1445 tenuantur
504 1411 760 1452 ducunturque‚
783 1411 873 1442 telae
894 1414 987 1443 sunt.
1051 1410 1147 1442 anth.
1171 1410 1248 1441 Lat.
1280 1410 1372 1441 Ries.
1397 1410 1460 1441 742
1481 1410 1568 1440 41-4
1599 1407 1736 1448 (Claud.

185 1465 241 1497 ed.
263 1465 350 1496 Birt.
372 1475 405 1505 p.
426 1464 506 1503 406)
525 1464 649 1495 uellera
668 1464 780 1494 lanae
801 1461 806 1506 Ι
826 1461 996 1494 textilibus
1018 1461 1160 1494 calathis
1179 1472 1306 1502 semper
1325 1464 1462 1492 tractare
1477 1461 1589 1501 perita
1609 1459 1614 1503 Ι
1634 1461 1735 1500 inque

185 1515 312 1557 qlobos
332 1519 443 1547 teretes
463 1515 617 1546 coeuntia
639 1514 773 1545 uoluere
798 1524 906 1554 pensa
927 1512 932 1557 Ι
952 1514 1183 1554 compositas
1215 1513 1323 1544 tenui
1355 1511 1534 1552 suspendis
1566 1512 1734 1543 stamine

181 1568 296 1600 telas.
353 1576 568 1608 quamquam
591 1576 701 1607 paene
730 1565 840 1606 probo
868 1564 963 1606 quod
997 1565 1176 1596 Bentleius
1205 1564 1359 1605 reposuit
1387 1563 1471 1600 tela,
1501 1563 1566 1594 hoc
1595 1565 1649 1594 est
1673 1572 1735 1602 per

186 1619 296 1655 telam,
331 1621 373 1650 ut
405 1617 653 1658 intellegantur
685 1616 782 1648 radio
815 1615 924 1647 ducta
956 1615 1179 1652 subtemina;
1225 1617 1433 1655 expectatur
1464 1614 1555 1645 enirn
1590 1613 1735 1645 textrini

187 1670 332 1702 mentio.
380 1668 482 1701 Ouid.
508 1672 592 1700 met.
620 1677 658 1700 V1
683 1669 771 1700 55-8
800 1668 880 1699 tela
906 1669 984 1706 iux-qo
1010 1668 1125 1699 uincta
1150 1670 1206 1703 est,
1226 1670 1353 1697 stamen
1378 1666 1516 1697 secernit
1542 1665 1702 1702 harundo,
1726 1664 1732 1708 Ι

188 1722 349 1754 inseritur
373 1721 520 1752 medium
543 1719 652 1751 radiis
676 1719 869 1751 subtemen
902 1719 1019 1755 acutis
1044 1717 1048 1762 Ι
1068 1718 1165 1759 quod
1197 1718 1295 1757 diqiti
1327 1717 1506 1758 expediunt
1531 1720 1626 1758 atque
1650 1718 1736 1749 inter

187 1774 336 1805 stamina
363 1773 516 1804 ductum
538 1770 718 1813 [percusso
742 1770 896 1811 pauiunt
922 1771 1041 1802 insecti
1064 1771 1194 1810 pectine
1223 1770 1332 1801 dentes
1425 1769 1487 1800 132
1515 1778 1630 1801 emere
1655 1767 1733 1799 cod.

189 1825 354 1861 Venetus,
378 1833 517 1862 gemere
539 1826 622 1855 GLM
712 1827 831 1855 uestes
853 1826 912 1860 GL,
934 1831 1003 1853 om.
1026 1825 1060 1853 M
1152 1821 1214 1851 134
1239 1819 1519 1862 interpungendo
1540 1823 1669 1852 tantum
1691 1823 1736 1851 est

189 1885 276 1917 opus
305 1875 350 1907 ad
379 1874 600 1915 insequentia
628 1874 731 1911 traxi,
762 1884 853 1915 quae
882 1874 990 1905 uerba
1017 1873 1123 1905 ceteri
1153 1872 1197 1905 ad
1227 1872 1470 1913 praecedentia
1494 1875 1557 1903 aut
1582 1871 1738 1903 referunt

189 1931 254 1960 aut
271 1927 436 1959 uidentur
452 1926 588 1963 referre,
613 1925 791 1957 Bentleius
812 1925 953 1967 quidem
975 1935 1054 1956 cum
1079 1928 1103 1956 L
1122 1924 1170 1955 sic
1192 1923 1360 1955 distincta
1380 1923 1547 1961 oratione,
1570 1926 1677 1963 qentes
1698 1932 1708 1953 .·
1728 1921 1734 1966 Ι

189 1978 245 2010 uel
261 1979 336 2010 sine
352 1977 490 2009 luxuria
507 1981 637 2008 tantum
655 1980 701 2007 est
718 1986 813 2017 opus.
907 1986 994 2017 opus
1013 1978 1154 2007 tanturn
1173 1978 1226 2006 est
1243 1977 1284 2006 ut
1302 1974 1416 2006 Pallas
1433 1974 1504 2005 suis
1522 1973 1557 2005 id
1574 1973 1739 2005 manibus

190 2030 394 2062 adseruerit.
441 2029 600 2060 similiter
619 2028 727 2059 locuti
747 2031 830 2059 sunt
850 2027 1019 2059 Horatius
1039 2037 1139 2058 serm.
1161 2035 1174 2058 1
1197 2027 1212 2058 1
1237 2027 1277 2058 13
1296 2036 1347 2067 sq.
1368 2029 1471 2057 cetera
1490 2026 1529 2057 de
1547 2035 1660 2065 qenere
1680 2025 1737 2056 hoc

190 2081 271 2114 adeo
287 2085 365 2112 sunt
380 2080 497 2117 multa,
515 2080 682 2120 loquacem
703 2078 708 2122 Ι
728 2079 894 2111 delassare
909 2079 1022 2110 ualent
1040 2078 1197 2114 Fabium,
1215 2077 1346 2109 Seneca
1360 2077 1424 2118 Ag.
1441 2078 1506 2109 496
1521 2087 1571 2118 sq.
1589 2077 1734 2109 miseris-

189 2143 252 2175 que
273 2133 358 2165 lucis
380 2135 473 2164 tanta
495 2131 630 2164 dulcedo
652 2134 698 2162 est
719 2131 839 2168 malae,
860 2130 866 2174 Ι
887 2131 943 2162 lzoc
965 2130 1077 2162 lumen
1100 2133 1225 2170 optant,
1249 2128 1383 2160 Statius
1403 2127 1512 2160 Theb.
1536 2137 1575 2159 vr
1597 2129 1661 2161 400
1683 2138 1736 2169 sq.

190 2189 277 2217 stare
295 2185 375 2216 adeo
394 2184 553 2215 miserum
572 2186 628 2219 est,
645 2186 786 2223 pereunt
803 2183 947 2222 uestiqia
964 2181 1055 2213 mille
1076 2180 1080 2224 Ι
1101 2184 1175 2212 ante
1187 2180 1319 2222 fuqam,
1338 2179 1508 2211 Martialis
1526 2188 1569 2211 111
1587 2180 1630 2211 67
1649 2180 1735 2211 8-10

192 2240 227 2269 at
244 2245 306 2267 uos
324 2239 392 2267 tam
406 2234 561 2275 placidas
580 2235 660 2273 uayi
675 2244 737 2274 per
754 2234 864 2265 undas
885 2232 890 2277 Ι
909 2237 981 2264 tuta
999 2233 1116 2265 luditis
1133 2233 1238 2264 otium
1255 2232 1384 2268 carina,
1406 2229 1411 2274 Ι
1431 2240 1499 2262 non
1516 2234 1639 2262 nautas
1653 2234 1737 2271 puto

193 2297 254 2320 uos
279 2287 336 2319 sed
361 2286 584 2326 Arqonautas,
611 2295 715 2326 quem
742 2285 857 2316 locum
884 2285 932 2316 sic
959 2283 1179 2325 interpunxit
1204 2283 1353 2324 Wysius,
1381 2282 1537 2314 Valerius
1562 2281 1737 2313 Maximus

192 2347 231 2371 IV
253 2340 273 2370 7
294 2339 314 2370 3
334 2337 414 2370 adeo
434 2336 554 2369 blando
574 2337 678 2368 uteris
697 2337 850 2376 imperio,
872 2335 1081 2376 supplicium
1102 2334 1219 2366 honori
1235 2333 1406 2374 praetulit,
1427 2332 1544 2364 Cicero
1563 2332 1607 2364 de
1628 2332 1685 2364 fin.
1708 2341 1738 2364 11

193 2392 237 2423 54
250 2393 380 2422 tantum
393 2388 481 2420 abest
494 2392 531 2419 ut
543 2398 577 2420 se
590 2388 723 2425 indicet,
735 2387 883 2428 perficiet
896 2388 996 2419 etiam
1008 2390 1044 2418 ut
1058 2386 1162 2418 dolere
1175 2385 1312 2417 alterius
1324 2383 1471 2425 improbe
1477 2384 1569 2425 facto
1583 2384 1739 2416 uideatur

285 2441 346 2472 135
372 2440 511 2480 diqnum
537 2439 683 2471 suismet
707 2439 870 2470 manibus
988 2438 1048 2469 136
1074 2441 1248 2469 arachneo
1274 2440 1319 2473 M,
1346 2439 1520 2468 archaneo
1544 2435 1610 2467 nisi
1635 2435 1738 2467 fallor

192 2497 227 2531 L,
252 2501 382 2525 araneo
407 2491 482 2528 GL2,
508 2490 685 2523 Arachnea
706 2489 782 2521 cod.
802 2489 902 2521 Bodl.
1010 2498 1175 2527 magnam
1200 2491 1245 2525 M,
1270 2497 1400 2525 magna
1425 2490 1458 2523 L,
1484 2496 1652 2525 magnum
1673 2487 1739 2518 GL²

282 2546 464 2582 triumpho
476 2542 635 2579 Iacobus,
651 2545 871 2580 triumphum
884 2541 962 2572 libri
1046 2539 1195 2572 nominis
1208 2539 1321 2570 forma
1334 2538 1734 2580 paragogica’Apdxveca,

193 2595 259 2627 etsi
274 2595 452 2636 analogiae
465 2603 542 2625 eam
556 2603 627 2625 non
640 2603 831 2635 repugnare
845 2592 999 2624 ostendit
1013 2592 1173 2628 Huetius,
1188 2590 1355 2631 exemplis
1367 2593 1463 2621 caret
1475 2600 1586 2631 neque
1600 2593 1740 2631 praeter

193 2647 438 2678 necessitatem
466 2655 509 2677 ex
535 2645 737 2676 coniectura
762 2644 880 2676 inferri
907 2643 1039 2675 debuit.
1086 2642 1181 2683 quod
1208 2644 1325 2673 autern
1354 2641 1504 2682 Scaliger
1529 2641 1738 2681 triumphum

192 2698 446 2739 interpretatur
472 2695 784 2737 triumphatricem,
812 2705 883 2726 non
910 2705 1000 2735 quae
1026 2693 1222 2734 triumphat
1248 2693 1308 2724 sed
1333 2692 1377 2724 de
1403 2702 1475 2733 qua
1499 2691 1740 2733 triumphatur

194 2752 286 2780 recte
306 2747 504 2789 triumphus
523 2747 662 2784 dicitur,
682 2747 779 2778 uelut
797 2746 983 2787 Cleopatra
1002 2745 1104 2785 Prop.
1126 2753 1163 2776 IV
1182 2745 1202 2776 6
1221 2745 1264 2776 65
1283 2754 1334 2785 sq.
1355 2746 1500 2784 quantus
1518 2742 1637 2774 mulier
1649 2742 1739 2784 foret

196 2809 265 2831 una
286 2799 488 2839 triumphus,
511 2797 516 2842 Ι
536 2798 653 2831 ductus
674 2801 742 2829 erat
759 2808 820 2838 per
839 2807 922 2838 quas
943 2800 1017 2828 ante
1041 2795 1205 2835 quurtha
1224 2796 1326 2833 uias3
1358 2804 1470 2836 neque
1490 2793 1581 2825 enim
1603 2794 1639 2825 in
1659 2793 1736 2825 Liu.

192 2859 313 2883 xxvrn
336 2852 356 2882 9
380 2852 419 2882 15
441 2854 477 2882 et
498 2849 575 2881 qu.
598 2858 638 2881 xi
662 2850 735 2886 194,
759 2859 846 2890 quos
868 2848 961 2880 locos
983 2848 1123 2879 Ellisius
1146 2846 1280 2883 attulit,
1304 2849 1366 2878 aut
1388 2845 1508 2877 consul
1522 2847 1584 2877 aut
1598 2848 1744 2886 praetor
