1872 3183
200 116 282 155 126
496 115 557 157 Μ.
590 114 841 157 MANILII
872 115 1357 159 ASTRONOMICON
1386 116 1452 158 IV

235 234 304 266 935
360 226 496 268 maius
516 230 560 268 et
579 226 773 281 Augusto
792 231 951 269 crescet
970 227 1049 268 sub
1068 227 1256 282 principe
1275 227 1452 269 caelum.

194 367 269 408 ipse
283 377 360 399 cum
370 367 511 409 faciam,
528 367 603 400 deos
694 367 758 398 935
774 377 837 408 pro
855 369 972 398 crescet
990 365 1089 398 codd.
1108 365 1197 397 Flor.
1215 368 1251 397 et
1270 365 1368 398 Bodl.
1386 369 1422 398 et
1441 365 1518 398 edd.
1537 369 1618 398 ante
1638 365 1735 398 Iaco-

195 418 280 451 bum
297 419 410 451 crescit
499 429 542 450 ex
553 418 618 450 hoc
636 428 737 450 uersu
754 418 813 450 alii
828 417 915 449 effici
938 417 1156 449 contendunt
1172 418 1357 459 superstite
1377 417 1535 459 Augusto
1555 418 1736 450 Manilium

194 469 323 502 librum
342 479 379 502 IV
397 470 649 512 conscripsisse,
668 469 817 501 Iacobus
836 479 892 510 pp.
915 469 975 499 xvi
989 471 1025 500 et
1045 469 1118 506 162,
1138 469 1324 502 Woltierus
1342 468 1384 500 de
1402 468 1494 500 Man.
1514 472 1605 511 poet.
1626 480 1659 511 p.
1680 470 1733 507 21,

195 522 377 554 Lansonus
402 521 444 553 de
469 521 561 553 Man.
587 524 681 562 poet.
707 531 765 562 pp.
792 521 835 552 25
859 530 923 561 sq„
941 519 1153 552 Kraemerus
1177 520 1220 552 de
1244 520 1336 551 Man.
1364 523 1492 552 astron.
1518 530 1576 562 pp.
1602 521 1644 552 22
1669 530 1734 562 sq.,

196 573 386 606 Bechertus
419 572 461 604 de
493 573 538 604 M.
575 573 667 604 Man.
700 575 829 604 astron.
865 574 957 613 poet.
991 582 1023 613 p.
1065 573 1127 609 193
1164 571 1222 603 alii
1256 571 1361 614 plane
1387 572 1611 609 contrarium,
1638 572 1735 604 uelut

195 624 406 657 Ramorinus
425 624 517 656 stud.
538 624 618 656 Ital.
640 623 757 665 philol.
778 623 875 655 class.
896 631 934 654 V1
953 633 1010 664 pp.
1032 623 1096 655 337
1116 633 1166 664 sq.
1187 625 1223 655 et
1242 623 1517 665 Wageningenus
1537 633 1569 665 p.
1588 632 1624 655 x·
1672 634 1734 665 ego

192 676 252 708 lib.
274 685 288 708 1
302 675 414 718 praef.
433 686 466 717 p.
485 675 545 707 lxx
563 676 749 716 quicquam
769 674 811 706 de
830 675 912 706 uiuo
930 677 1112 705 mortuone
1130 674 1288 716 Augusto
1306 685 1348 706 ex
1365 674 1418 706 his
1440 674 1554 706 uerbis
1576 674 1735 706 concludi

193 737 294 770 posse
308 727 443 769 negaui,
459 726 585 768 quibus
599 729 716 768 potest
730 725 914 767 significari
929 724 937 738 ‘
951 726 1021 756 iam
1035 726 1147 757 maius
1160 729 1290 757 crescet
1303 725 1448 764 caelum,
1462 736 1542 757 cum
1556 725 1734 768 Augustus

194 779 431 821 principatum
455 779 527 810 eius
552 778 700 812 teneat'.
725 780 843 819 potest
869 778 877 790 ⁶
892 780 969 809 tum
1002 780 1142 814 crescet,
1168 787 1247 809 cum
1280 777 1443 809 tenebit':
1482 780 1601 809 utrum
1629 781 1735 819 poeta

195 831 346 863 uoluerit
370 829 509 861 aliunde
534 829 737 861 discendum
762 831 826 866 est,
851 839 895 860 ex
920 839 977 859 uu.
1006 828 1115 860 763-6
1139 830 1177 860 et
1200 828 1248 859 eis
1273 838 1363 869 quae
1388 827 1433 859 ad
1459 829 1524 860 776
1552 828 1732 860 adnotaui.

194 892 307 923 neque
327 882 420 913 enim
440 881 565 922 plurali
584 880 660 912 deos
679 881 869 912 necessario
890 880 967 921 plus
988 890 1077 911 unus
1097 879 1182 911 deus
1201 879 1387 917 indicatur,
1408 890 1478 911 non
1498 880 1607 922 magis
1627 890 1734 921 quam

195 934 281 966 Hor.
295 943 400 965 carm.
415 941 454 964 tv
470 934 508 964 12
523 933 543 964 8
555 942 668 973 requm
682 935 727 963 est
738 932 810 963 ulta
822 931 978 963 libidines
991 941 1051 963 rex
1064 931 1153 963 ullus
1167 934 1304 972 praeter
1316 931 1427 963 solum
1440 931 1556 963 Terea.
1588 933 1734 970 caelum,

193 984 288 1027 quod
314 985 406 1016 socio
432 983 590 1016 Tonante
616 994 677 1025 per
702 983 800 1025 signa
824 986 1000 1014 recturum
1026 982 1224 1024 Augustum
1249 981 1386 1014 dixerat
1411 991 1424 1014 Ι
1450 983 1525 1020 800,
1551 992 1643 1015 nunc
1670 985 1735 1017 sub

193 1040 326 1069 rectore
359 1046 400 1068 eo
433 1038 577 1068 auctum
609 1036 650 1067 iri
687 1034 772 1067 dicit
805 1035 951 1077 posteris
988 1034 1061 1066 eius
1099 1033 1260 1076 deinceps
1296 1034 1333 1066 in
1370 1033 1514 1066 deorum
1550 1044 1734 1068 numerum

192 1087 459 1121 succedentibus
