1872 3183
591 140 1077 183 ASTRONOMICON
1109 141 1175 182 IV
1569 142 1649 180 107

279 249 548 304 subsequitur
567 250 718 291 Creten
738 250 816 291 sub
836 249 983 291 eodem
1002 249 1174 291 condita
1193 249 1323 304 signo,

277 338 568 379 proxumaque
587 323 738 365 Italiae
757 323 876 365 tenui
895 324 1031 365 diuisa
1049 323 1260 378 profundo

154 405 221 436 790
278 412 350 439 ora
369 397 481 452 paris
500 398 690 452 sequitur
708 398 817 452 leges
837 412 913 439 nec
932 397 1066 438 sidere
1084 402 1211 452 rupta
1232 402 1308 438 est.

276 476 338 521 tu,
360 471 622 526 Capricorne,
643 471 750 526 regis
770 471 977 526 quidquid
996 471 1075 512 sub
1095 471 1179 512 sole
1198 471 1376 513 cadente

276 550 341 586 est
358 545 546 600 positum
565 545 830 600 gelidamque
848 545 1025 587 Helicen
1044 545 1158 600 quod
1178 545 1317 600 tangit
1336 545 1391 586 ab
1410 543 1493 593 illo,

275 619 490 674 Hispanas
510 624 655 674 gentes
675 624 718 660 et
738 624 843 674 quot
862 619 945 661 fert
965 619 1099 661 Gallia
1119 619 1237 660 diues
1256 633 1264 669 ;

276 698 403 747 teque
422 693 520 734 feris
540 693 711 748 dignam
730 698 916 743 tantum,
937 693 1175 743 Germania,
1196 698 1377 734 matrem

152 774 219 805 795
274 767 432 808 adserit
451 767 698 822 ambiguum
717 767 832 808 sidus
851 772 1071 822 terraeque
1091 767 1302 822 marisque

276 841 463 882 aestibus
482 841 670 882 adsiduis
689 846 870 896 pontum
889 846 1106 896 terrasque
1125 846 1373 896 sequentem.

108 950 171 982 dir.
200 952 241 984 53
265 951 409 992 Libycae
433 962 533 989 soror,
553 953 656 984 altera
680 952 790 993 Syrtis
880 953 942 983 788
967 956 1087 984 creten
1110 951 1158 989 L2,
1177 957 1314 984 cretens
1338 956 1361 983 L
1385 951 1460 983 cod.
1482 950 1647 986 Venetus,

109 1007 271 1035 crentens
296 1007 341 1041 M,
368 1013 505 1035 cremen
530 1007 563 1035 G.
612 1004 731 1035 Creten
755 1003 821 1035 etsi
846 1013 926 1035 cum
952 1003 1056 1045 uulgo
1082 1003 1172 1040 dedi,
1193 1013 1314 1035 uerum
1341 1013 1413 1034 esse
1438 1013 1508 1033 non
1533 1001 1648 1038 credo,

108 1054 169 1085 sed
185 1055 302 1096 potius
319 1065 381 1096 pro
398 1055 513 1086 inutili
530 1064 569 1086 ac
586 1057 667 1096 post
685 1054 737 1086 bis
753 1055 822 1086 iam
839 1055 1057 1086 nominatam
1075 1054 1349 1096 significatamue
1366 1055 1504 1086 Cretam
1521 1054 1649 1094 impor-

109 1108 196 1137 tuno
226 1105 396 1137 uocabulo
426 1105 710 1137 substituendum
741 1116 815 1137 esse
845 1106 905 1147 qui
934 1106 1013 1137 iura
1042 1105 1188 1137 definiat
1216 1106 1430 1147 genetfflum,
1465 1105 1645 1141 Triuiae;

107 1156 174 1188 dea
197 1157 289 1188 enim
314 1157 536 1198 arquitenens
561 1159 597 1188 et
621 1157 799 1199 Sagittarii
824 1160 859 1188 et
884 1157 1005 1189 Cretae
1030 1157 1142 1188 tutela
1165 1160 1229 1194 est,
1254 1166 1283 1188 Π
1307 1158 1372 1187 444
1396 1167 1446 1198 sq.
1472 1159 1650 1188 uenantem

110 1208 229 1240 Diana
258 1208 372 1240 uirum
402 1209 459 1240 sed
486 1209 598 1248 partis
631 1208 770 1248 equinae
787 1232 794 1239 .
814 1232 821 1239 .
842 1233 849 1239 .
863 1208 967 1249 fouet,
1001 1208 1114 1250 Priap.
1149 1209 1191 1240 75
1230 1209 1294 1240 4-ss
1326 1211 1434 1239 tuetur
1450 1232 1457 1239 .
1477 1231 1484 1239 .
1504 1231 1511 1239 .
1532 1207 1650 1238 Creten

110 1259 221 1297 Delia,
245 1259 345 1291 Ouid.
369 1259 449 1290 fast.
474 1268 518 1290 111
540 1260 579 1290 81
605 1269 654 1300 sq.
679 1259 819 1290 Minoia
841 1260 938 1291 Creta
961 1260 1113 1290 Dianam
1129 1284 1136 1290 .
1157 1283 1164 1291 .
1183 1283 1191 1290 .
1210 1260 1294 1291 colit.
1343 1269 1446 1290 creme
1467 1262 1503 1290 et
1524 1258 1650 1290 chreme

106 1320 170 1352 pro
191 1310 313 1342 triniae
333 1310 499 1342 exhibent
521 1310 647 1342 Tibulli
668 1310 802 1341 codices
823 1319 837 1341 1
858 1312 878 1342 5
903 1311 954 1348 16,
977 1313 1017 1342 ut
1038 1314 1138 1342 tremo
1158 1321 1221 1352 pro
1243 1310 1344 1342 triuio
1366 1320 1455 1341 unus
1477 1310 1649 1351 Propertii

106 1369 145 1392 IV
165 1362 184 1393 7
208 1362 271 1399 193
306 1371 519 1402 quamquam
539 1364 687 1393 crentens
707 1364 742 1392 et
762 1364 885 1392 cretens
905 1362 999 1393 haud
1019 1362 1089 1392 scio
1109 1371 1155 1392 an
1174 1371 1217 1392 ex
1237 1362 1362 1393 cirene-3
1383 1361 1427 1392 ad
1447 1372 1479 1392 u.
1503 1361 1568 1393 780
1588 1360 1648 1392 ad-

106 1412 236 1453 scripto
253 1415 331 1444 orta
348 1412 418 1444 sint
507 1413 652 1450 condita,
671 1413 749 1450 sita,
768 1415 808 1443 ut
825 1422 868 1443 111
889 1413 953 1444 619
968 1412 1124 1453 partibus
1141 1413 1293 1444 aduersis
1309 1437 1317 1445 .
1337 1437 1344 1444 .
1364 1437 1371 1444 .
1399 1413 1532 1444 condita
1549 1413 1648 1452 siyna

204 1464 267 1495 789
283 1467 407 1496 italiae
425 1463 600 1495 Breiterus
619 1463 732 1495 Fleck.
751 1464 864 1495 annal.
886 1463 952 1495 uol.
977 1465 1039 1495 139
1056 1474 1088 1504 p.
1110 1465 1185 1501 855,
1204 1467 1308 1496 italia
1324 1468 1360 1496 et
1374 1468 1469 1501 GLM,
1487 1464 1604 1496 italiae
1619 1466 1648 1495 et

106 1514 206 1546 codd.
223 1514 311 1546 Flor.
328 1517 364 1546 et
378 1514 476 1546 Bodl.
489 1517 525 1545 et
537 1514 698 1551 editores,
716 1524 786 1554 qua
797 1514 838 1545 de
855 1514 994 1545 elisione
1012 1515 1091 1545 uide
1106 1515 1149 1546 ad
1165 1524 1178 1546 1
1193 1515 1256 1546 323
1268 1514 1448 1546 adnotata.
1492 1515 1648 1546 Breitero

106 1565 172 1602 1110,
199 1565 293 1606 quod
318 1565 425 1597 etiam
451 1575 464 1596 1
490 1566 554 1597 398
580 1575 644 1606 sq.,
671 1574 699 1596 11
725 1567 800 1603 216,
828 1566 891 1597 763
917 1575 981 1606 sq.,
1008 1566 1146 1603 accidit,
1172 1569 1213 1597 ut
1237 1576 1343 1607 quam
1369 1576 1451 1598 casu
1467 1567 1650 1598 inuenerat

102 1616 385 1648 emendationem
401 1627 472 1647 11011
489 1616 706 1658 intellegeret
721 1629 729 1653 ;
756 1617 828 1658 ipse
846 1617 938 1648 enim
958 1617 979 1648 I
981 1617 1081 1648 taliae
1099 1617 1259 1648 datiuum
1277 1627 1349 1649 esse
1367 1617 1444 1649 uult
1461 1620 1497 1649 et
1515 1617 1649 1650 Siciliae

103 1671 240 1710 partem
264 1667 354 1700 freto
379 1668 529 1699 uicinam
554 1678 625 1699 non
650 1669 823 1700 Centauro
848 1668 908 1699 sed
933 1668 1057 1700 Librae
1081 1679 1200 1710 parere
1225 1669 1303 1706 dici,
1328 1669 1383 1700 cui
1407 1669 1534 1700 rationi
1558 1679 1648 1710 quae

102 1719 243 1751 obstare
278 1719 387 1751 uideri
420 1722 561 1760 poterat
593 1729 655 1759 que
687 1719 895 1760 particulam
928 1720 1180 1761 interpretatur
1214 1720 1222 1733 ‘
1235 1720 1361 1761 jedoch
1393 1720 1491 1752 nicht
1523 1730 1610 1762 ganz
1625 1720 1646 1752 ⁹.

102 1770 211 1802 immo
227 1781 309 1802 uero
325 1770 390 1802 hoc
406 1771 543 1807 dicitur,
561 1770 685 1802 Italiae
701 1781 797 1802 oram
814 1771 970 1812 proxime
987 1781 1008 1802 a
1023 1771 1138 1803 Sicilia
1153 1771 1343 1803 distantem
1360 1782 1441 1809 non,
1459 1774 1500 1803 ut
1515 1772 1648 1812 reliqua

103 1821 220 1859 Italia,
236 1822 301 1853 sub
316 1822 421 1854 Libra
435 1821 506 1859 sed,
523 1825 563 1853 ut
578 1822 654 1863 ipsa
668 1821 795 1859 Sicilia,
812 1822 877 1854 sub
893 1822 1066 1854 Centauro
1081 1823 1231 1864 positam
1247 1833 1328 1854 esse.
1378 1823 1462 1854 satis
1476 1822 1650 1865 probabili

103 1873 284 1905 mendacio
306 1873 433 1915 Magna
454 1873 599 1905 Graecia
621 1874 725 1913 (hanc
747 1874 838 1905 enim
861 1874 978 1915 potius
1001 1884 1106 1915 quam
1129 1874 1239 1905 solum
1264 1874 1442 1906 Bruttium
1464 1874 1648 1916 significari

103 1926 206 1966 puto)
223 1924 335 1956 eidem
353 1925 410 1956 cui
428 1924 543 1956 Sicilia
561 1928 655 1956 astro
673 1935 792 1966 parere
811 1925 953 1966 fingitur
970 1935 1010 1956 30
1027 1935 1097 1956 non
1115 1926 1145 1956 ei
1164 1926 1257 1966 quod
1276 1926 1408 1957 Rornae
1426 1929 1462 1957 et
1479 1926 1648 1967 indigenis

102 1975 227 2008 Italiae
256 1976 394 2018 populis
422 1975 607 2017 praesidet.
656 1979 810 2007 ceterum
839 1976 947 2008 nolim
976 1976 1142 2008 librorum
1172 1977 1379 2018 scripturam
1408 1978 1459 2008 ita
1488 1978 1577 2009 tueri
1606 1981 1648 2009 ut

99 2028 258 2069 proxima
278 2027 384 2060 ltalia
402 2038 464 2069 pro
484 2028 644 2068 proxima
662 2031 763 2069 parte
782 2027 906 2059 Italiae
926 2028 1080 2069 positum
1100 2038 1173 2059 esse
1192 2028 1403 2060 contendam
1422 2029 1522 2069 eique
1541 2029 1649 2071 expli-

100 2079 249 2110 cationis
273 2089 378 2110 causa
402 2078 577 2109 adiectum
603 2081 631 2109 ct
647 2102 654 2109 .
674 2102 681 2109 .
701 2102 708 2109 .
728 2087 787 2109 ora
876 2078 940 2109 790
963 2081 1060 2117 paris
1083 2078 1166 2118 L²M‚
1188 2083 1303 2117 patris
1326 2083 1375 2111 GL
1464 2083 1578 2112 sidere
1601 2084 1648 2117 Μ,

103 2134 219 2163 sidera
241 2134 290 2162 GL
310 2130 385 2161 cod.
406 2130 561 2161 Venetus
651 2133 709 2161 est
730 2139 797 2160 om.
822 2133 847 2161 G
868 2132 905 2160 et
929 2132 970 2161 ut
995 2130 1135 2161 uidetur
1156 2130 1230 2162 cod.
1252 2130 1334 2162 Ven.
1428 2133 1537 2162 terras
1559 2132 1649 2162 mari

102 2184 224 2223 ruptas
248 2181 432 2213 continuat
456 2180 558 2212 unius
586 2180 811 2221 eiusdemque
841 2180 961 2211 sideris
987 2180 1181 2212 dominium
1271 2181 1422 2213 791-793
1447 2181 1540 2213 Vett.
1568 2182 1645 2214 Val.

99 2243 133 2274 p.
156 2234 193 2264 ll
214 2233 257 2264 25
274 2242 324 2274 sq.
353 2234 421 2264 ἔστι
448 2234 480 2263 δὲ
506 2232 550 2272 τῷ
574 2234 736 2272 Αἰγόκερῳ
762 2233 1004 2271 ὑποτεταγμένα
1021 2255 1028 2262 .
1045 2255 1052 2262 .
1069 2256 1076 2262 .
1094 2234 1176 2270 πρὸσ
1202 2234 1339 2272 ἑσπέραν
1366 2235 1417 2264 καὶ
1446 2236 1648 2274 μεσημβρίαν

102 2285 230 2315 πάντα.
247 2308 254 2314 .
271 2307 278 2314 .
295 2284 338 2315 28
358 2285 439 2315 κατὰ
461 2285 518 2321 τὴν
543 2285 634 2323 οὐρὰν
654 2283 788 2323 Ἰβηρία,
812 2282 933 2313 eadem
960 2282 1072 2324 Heph.
1101 2291 1114 2313 I
1143 2284 1158 2314 1
1188 2293 1220 2324 p.
1251 2284 1292 2314 63
1320 2284 1395 2321 2-5,
1424 2283 1508 2315 Hor.
1538 2295 1645 2316 carm.

101 2344 129 2367 11
157 2336 196 2366 17
225 2336 266 2366 19
291 2344 340 2376 sq.
365 2338 531 2375 tyrannas
551 2332 556 2377 Ι
576 2334 762 2374 Hesperiae
785 2334 1013 2374 Capricornus
1035 2334 1169 2365 undae:
1202 2334 1368 2366 eodemne
1387 2338 1521 2376 spectet
1540 2335 1643 2378 Prop.

98 2391 139 2418 1v
160 2388 175 2417 1
197 2387 239 2418 85
258 2396 307 2427 sq.
328 2386 410 2426 quid
422 2388 578 2417 moueant
591 2385 707 2416 Pisces
724 2385 941 2425 animosaque
958 2385 1056 2425 siqna
1071 2385 1194 2417 Leonis
1215 2384 1220 2428 Ι
1240 2386 1326 2417 lotus
1339 2389 1367 2417 et
1379 2386 1547 2427 Hesperia
1563 2388 1647 2428 qnid

100 2437 328 2478 Capricornus
357 2447 446 2477 aqua
475 2437 620 2468 dubium
658 2439 712 2467 est
801 2436 863 2468 791
894 2439 1041 2468 cadente
1071 2440 1107 2474 G,
1137 2440 1320 2469 cadentem
1350 2441 1408 2469 LM
1498 2438 1562 2469 792
1592 2444 1648 2471 est

101 2491 257 2527 positum
285 2488 414 2529 Fayus,
441 2491 642 2526 expositum
675 2491 761 2520 GLM
850 2491 988 2520 helicen
1020 2491 1056 2525 G,
1081 2491 1229 2520 helicem
1255 2488 1339 2526 ΠΜ,
1365 2492 1506 2522 hilicem
1533 2494 1556 2522 L

100 2539 242 2571 Helicen
261 2539 348 2580 quod
374 2540 479 2579 tangit
500 2539 540 2570 ab
562 2539 631 2576 illo,
657 2539 831 2581 regionem
852 2539 898 2571 ab
919 2549 1043 2571 occasu
1066 2549 1175 2580 usque
1197 2540 1241 2571 ad
1263 2541 1517 2582 septentriones
1538 2542 1643 2583 perti-

100 2593 242 2622 nentem
331 2589 394 2621 '793
412 2594 448 2622 et
466 2593 502 2627 G,
525 2600 592 2621 om.
612 2593 681 2627 LM,
700 2600 761 2622 seu
779 2589 817 2621 L²
907 2594 993 2627 quot
1011 2590 1200 2628 BentleiuS,
1220 2594 1312 2629 quod
1330 2591 1418 2629 libri,
1438 2591 1532 2632 quod
1549 2592 1643 2624 idem

96 2652 173 2673 esse
199 2641 318 2673 monui
345 2641 389 2672 ad
416 2650 459 2672 111
486 2642 526 2672 67
618 2641 680 2672 795
714 2644 919 2678 ambiguum
945 2645 981 2679 G,
1008 2645 1211 2680 ambiguam
1237 2646 1306 2675 LM.
1351 2642 1505 2675 Maneth.
1534 2652 1573 2675 1v
1599 2645 1643 2676 23

100 2694 283 2734 Αἰγόκερωσ
307 2693 406 2732 ’γαίησ
431 2705 466 2723 τε
493 2694 544 2724 καὶ
570 2694 687 2723 ὕδατοσ
712 2694 870 2733 ἀμφίβιοσ
897 2694 955 2733 θήρ
984 2692 1177 2734 similiaque
1208 2692 1252 2724 ad
1282 2701 1311 2724 11
1344 2694 1404 2726 231
1434 2694 1538 2726 attuli

143 2744 206 2776 796
231 2747 388 2776 aestibus
413 2747 458 2783 M,
478 2747 615 2776 astibus
640 2747 673 2781 L,
690 2746 820 2775 ictibus
845 2743 894 2781 L²‚
917 2747 1047 2776 letibus
1072 2748 1097 2776 G
1187 2749 1392 2781 sequentem
1405 2745 1436 2784 *‚
1463 2750 1643 2779 tenentem

99 2797 186 2828 libri.
235 2798 357 2828 tenent
389 2796 539 2827 uicissim
571 2798 701 2837 pontus
733 2798 914 2836 terraeque
946 2796 1179 2834 Germaniam,
1212 2806 1283 2827 non
1316 2796 1362 2828 ab
1393 2807 1434 2828 ea
1465 2800 1639 2830 tenentur.

96 2848 257 2881 Oceanus
290 2847 424 2889 magnis
458 2846 612 2879 aestibus
646 2846 748 2879 modo
790 2846 964 2879 inundans
997 2857 1138 2889 campos
1180 2847 1284 2880 modo
1325 2847 1395 2880 late
1428 2848 1565 2881 nudans
1603 2860 1643 2881 ac
