1872 3183
204 136 290 175 106
795 132 856 173 Μ.
891 131 1144 172 MANILII

361 243 491 298 eligit,
511 242 749 297 Italiaeque
768 248 915 284 tamen
934 246 1148 297 respectat
1167 242 1223 283 ad
1241 241 1377 283 undas

365 317 688 372 Sardiniamque
708 321 828 358 tenet
846 316 1047 371 fusasque
1066 331 1140 371 per
1159 331 1343 371 aequora
1362 320 1509 357 terras.

365 392 522 434 Gnosia
542 392 754 434 Centauro
773 391 899 432 tellus
918 390 1181 432 circumdata
1200 395 1333 446 ponto

362 471 498 522 paret,
520 471 564 507 et
584 466 629 506 in
648 465 861 520 geminum
883 465 1034 506 Minois
1054 465 1163 506 filius
1184 470 1346 506 astrum

240 548 307 579 785
362 541 452 596 ipse
472 540 592 581 uenit
611 540 815 595 geminus.
873 539 1017 581 celeris
1036 539 1134 581 hinc
1154 539 1278 581 Creta
1298 538 1476 594 sagittas

365 614 524 656 adserit
542 615 814 669 intentosque
834 614 1031 655 imitatur
1050 613 1196 655 sideris
1216 628 1350 655 arcus.

364 689 502 731 insula
523 689 760 731 Trinacriae
780 688 1021 730 fluitantem
1042 688 1096 730 ad
1116 688 1207 729 iura
1227 702 1412 729 sororem

199 888 235 916 et
258 895 278 916 a
300 895 355 916 me
377 887 413 915 et
435 894 455 915 a
476 883 649 926 plerisque
671 883 867 921 exhibetur,
889 882 1024 914 nullum
1046 882 1193 914 uerbum
1215 884 1269 914 est
1290 881 1386 923 quod
1407 891 1478 914 non
1499 881 1535 913 in
1556 891 1573 912 s
1594 879 1750 913 litteram

200 939 303 968 exeat
317 948 326 973 ;
358 946 400 967 ex
419 945 489 977 quo
506 945 630 977 genere
648 938 731 967 sunt
748 935 847 977 Verg.
869 935 954 967 Aen.
972 943 1028 966 ΧΠ
1047 935 1111 967 708
1129 934 1275 975 inqentis
1292 934 1417 974 yenitos
1434 933 1580 966 diuersis
1594 931 1751 974 partibus

200 987 298 1025 orbis,
320 987 422 1020 Ouid.
443 990 525 1019 met.
547 995 600 1018 vn
618 987 684 1018 540
703 986 864 1027 laniyerz's
882 985 1033 1026 yreqibus
1050 985 1182 1018 balatus
1200 985 1359 1018 dantibus
1378 994 1501 1025 aeyros,
1522 984 1604 1016 Luc.
1626 991 1664 1015 1v
1684 983 1750 1016 352

199 1039 364 1071 tradimus
393 1037 579 1079 Hesperias
607 1041 727 1079 yentes,
759 1038 932 1078 aperimus
964 1037 1066 1074 ans,
1098 1036 1225 1078 quibus
1255 1035 1429 1069 accedunt
1458 1045 1502 1067 ex
1532 1035 1684 1077 plurium
1714 1036 1752 1065 et

201 1090 382 1122 meliorum
398 1089 557 1121 codicum
573 1089 784 1120 auctoritate
801 1088 903 1121 Ouid.
921 1091 1003 1120 met.
1020 1097 1033 1120 1
1049 1089 1113 1120 327
1129 1088 1292 1120 innocuos
1307 1087 1432 1124 ambos,
1448 1087 1587 1119 cultores
1596 1084 1752 1118 numinis

200 1141 312 1173 ambos
333 1141 441 1182 (ambo
461 1140 648 1182 utrobique
667 1140 699 1172 N
719 1144 756 1172 et
776 1140 890 1180 Harl.)
910 1142 945 1172 et
965 1140 1047 1171 Luc.
1069 1148 1092 1171 v
1113 1140 1156 1171 39
1175 1139 1310 1172 obrutus
1332 1139 1494 1179 Illyricis,
1513 1137 1635 1179 Libyes
1653 1147 1753 1177 squa-

201 1192 343 1224 lentibus
360 1192 456 1223 aruis
473 1191 614 1232 (Libyae
631 1190 672 1229 V,
691 1191 734 1222 de
752 1201 822 1233 qua
840 1191 993 1233 genetiui
1010 1190 1123 1222 forma
1140 1191 1213 1222 dixi
1232 1189 1276 1222 ad
1295 1191 1385 1229 469).
1433 1189 1591 1231 pluribus
1608 1188 1753 1220 sibilant

202 1244 322 1285 hydris
336 1243 411 1275 Tib.
428 1252 457 1274 11
473 1244 488 1275 1
506 1244 545 1275 21
563 1246 641 1274 tunc
658 1243 789 1275 nitidus
802 1243 916 1283 plenis
932 1242 1078 1283 confisus
1091 1242 1236 1273 rusticus
1250 1241 1352 1282 ayris,
1368 1240 1450 1272 Luc.
1467 1249 1505 1272 1v
1520 1241 1584 1273 643
1598 1239 1754 1281 quisquis

204 1297 289 1327 inest
331 1295 438 1332 terris,
483 1295 520 1326 in
555 1294 666 1335 fessos
707 1295 850 1335 spiritus
891 1298 995 1332 artus,
1033 1294 1167 1325 Manilii
1206 1294 1316 1335 ipsius
1356 1302 1395 1324 1v
1436 1293 1501 1324 582
1541 1291 1750 1332 inseruitque

201 1357 280 1378 suos
321 1346 511 1387 squamosis
551 1345 711 1377 Piscibus
753 1346 856 1385 iqnes,
902 1346 965 1377 755
1008 1345 1168 1377 Euoeinus
1210 1344 1380 1385 Scythicos
1420 1347 1546 1384 pontus
1591 1343 1751 1374 sinuatus

203 1399 242 1430 in
274 1408 383 1436 arcus,
417 1401 454 1429 et
487 1398 659 1440 asperiore
692 1408 777 1429 sono
812 1397 979 1428 delicatas
1012 1395 1184 1428 auriculas
1214 1395 1340 1428 radant
1369 1398 1509 1438 oportet
1537 1403 1565 1426 11
1600 1395 1663 1426 185
1697 1403 1749 1434 sq.

204 1451 258 1481 ille
291 1450 488 1481 senescentis
520 1449 622 1486 ueris,
652 1449 825 1480 subeuntis
852 1452 886 1480 at
914 1449 970 1480 ille
992 1447 996 1491 Ι
1016 1449 1152 1480 aestatis
1180 1451 1216 1479 et
1244 1447 1371 1480 Catulli
1404 1449 1624 1489 pentameter
1656 1445 1699 1477 78
1733 1445 1754 1475 2

203 1502 352 1539 alterius,
371 1501 504 1542 lepidus
515 1501 615 1542 filius
632 1500 771 1532 alterius
862 1501 922 1532 781
943 1504 1046 1539 eligit
1064 1500 1181 1541 Fayus
1201 1500 1297 1539 (non,
1312 1509 1399 1540 quos
1418 1499 1491 1540 ipse
1509 1498 1606 1535 dicit,
1627 1496 1757 1529 Bonin·

202 1553 358 1585 contritis
375 1555 411 1584 et
429 1553 467 1584 F.
488 1552 636 1591 Iunius),
655 1556 749 1584 eruit
762 1552 860 1584 libri:
893 1552 977 1583 Hor.
998 1562 1097 1582 serm.
1118 1561 1131 1582 1
1149 1553 1170 1582 4
1188 1552 1230 1582 25
1247 1561 1310 1592 pro
1329 1551 1409 1591 elz‘ye
1426 1550 1571 1581 dimidia
1587 1548 1658 1581 fere
1675 1558 1757 1590 pars

203 1605 363 1636 codicum
381 1614 465 1636 erue.
515 1603 650 1645 Fayum
669 1605 779 1635 secuti
795 1607 878 1635 sunt
896 1603 1074 1634 Bentleius
1090 1606 1126 1634 et
1143 1603 1332 1644 Pingraeus
1347 1614 1355 1639 3
1387 1601 1472 1633 eruit
1487 1611 1567 1633 cum
1583 1600 1758 1642 plerisque

204 1657 357 1688 retinens
385 1656 561 1687 Breiterus
589 1655 782 1696 Scorpium,
812 1658 852 1686 ut
880 1655 1036 1686 uersibus
1065 1655 1185 1691 217-9,
1213 1653 1327 1685 cauda
1353 1653 1540 1684 rimantem
1568 1655 1678 1684 terras
1705 1651 1757 1683 in-

204 1707 337 1749 tellegit
351 1710 387 1739 et
402 1707 504 1739 sulcis
518 1707 651 1737 semina
667 1707 871 1737 miscentem
887 1716 1003 1736 mense
1018 1705 1209 1737 Nouembri
1224 1705 1303 1745 (hoc
1317 1704 1448 1736 scilicet
1473 1707 1527 1735 est
1541 1701 1759 1743 Carthaqinie

205 1768 296 1790 arces
313 1759 448 1798 eruere),
466 1758 566 1798 quasi
582 1757 617 1788 id
634 1758 670 1788 in
686 1757 760 1789 sola
776 1757 889 1798 Libya
905 1767 944 1788 ac
961 1767 1031 1788 non
1048 1757 1083 1787 in
1100 1756 1240 1797 reliquis
1256 1759 1368 1787 terrae
1384 1755 1544 1798 partibus
1560 1754 1669 1786 faciat

251 1810 314 1841 782
328 1814 426 1842 fusas
441 1810 516 1847 GL2,
532 1813 612 1842 fusa
626 1813 683 1841 LM
774 1809 926 1840 783-790
948 1808 1044 1840 Paul.
1062 1808 1159 1840 Alex.
1178 1808 1207 1839 B
1222 1809 1242 1839 2
1258 1810 1460 1849 προσπαθεΐ.
1476 1831 1484 1839 .
1501 1831 1508 1838 .
1526 1808 1542 1839 ὁ
1559 1808 1703 1845 Τοξότησ
1718 1806 1759 1846 τῇ

207 1864 332 1902 Κρήτῃ,
350 1861 497 1893 Doroth.
520 1861 683 1893 C.C.A.G.
704 1869 742 1892 Vl
763 1870 795 1901 p.
819 1861 862 1891 94
882 1861 925 1892 59
946 1870 995 1901 sq.
1013 1863 1049 1891 et
1069 1870 1124 1901 ap.
1146 1859 1259 1901 Heph.
1282 1868 1295 1890 1
1318 1860 1333 1890 1
1356 1870 1389 1901 p.
1414 1860 1455 1891 60
1473 1859 1516 1890 26
1533 1868 1583 1899 sq.
1605 1860 1761 1899 ἕστρωται

207 1915 233 1946 δ’
253 1916 314 1945 ὑπὸ
330 1913 409 1954 τῷδε
427 1937 435 1944 .
451 1937 459 1945 .
478 1937 486 1944 .
508 1915 630 1954 Κρήτη,
651 1914 807 1954 Κρονίδαο
826 1914 904 1944 Διὸσ
920 1914 1052 1952 τροφόσ,
1073 1911 1186 1952 Heph.
1203 1921 1260 1952 pp.
1279 1912 1321 1943 60
1336 1920 1411 1951 sqq.
1430 1912 1511 1943 κατὰ
1529 1909 1760 1951 δὲ”Ῑππαρχον

206 1967 289 1998 κατὰ
305 1967 362 2004 μὲν
379 1967 437 2004 τὴν
452 1966 548 2006 ῥάχιν
566 1967 689 2006 Κρήτη,
710 1966 853 1995 Σικελία·
900 1966 980 1995 κατὰ
1000 1966 1034 1995 δὲ
1049 1965 1112 1995 τὰσ
1128 1965 1273 2003 πλευρὰσ
1290 1964 1416 1994 Ἰταλία
1429 1987 1437 1994 .
1453 1986 1461 1994 .
1479 1986 1487 1994 .
1505 1963 1551 1993 ὼο·
1567 1963 1601 1993 δὲ
1617 1962 1762 2002 Ὠδαψὸσ

207 2019 259 2049 καὶ
275 2019 369 2049 ἄλλοι
385 2019 544 2058 ἱστοροῦσι
556 2019 596 2048 τὰ
614 2018 791 2057 ἐμπρὸσθια
809 2017 921 2056 Κρήτη
936 2040 942 2046 .
959 2039 967 2046 .
983 2039 990 2046 .
1010 2016 1159 2056 ἀριστερὰ
1175 2016 1304 2046 Σικελία
1319 2038 1326 2046 .
1343 2038 1351 2046 .
1367 2038 1375 2046 .
1393 2016 1475 2046 κατὰ
1492 2015 1525 2045 δὲ
1540 2015 1599 2052 τὴν
1616 2014 1761 2053 κεφαλὴν

209 2063 338 2100 Ἰταλία
349 2091 356 2101 .
372 2092 381 2100 .
397 2092 405 2100 .
423 2070 505 2100 κατὰ
516 2070 550 2099 δὲ
560 2070 618 2106 τὴν
630 2069 751 2099 κοιλίαν
766 2091 773 2098 .
790 2091 798 2098 .
813 2091 821 2098 .
836 2069 978 2105 Σικελία,
992 2065 1156 2098 C.C.A.G.
1170 2074 1207 2097 IV
1218 2076 1251 2107 p.
1267 2066 1329 2097 182
1340 2066 1359 2097 ’7
1371 2075 1421 2106 Sq.
1437 2067 1618 2097 ὑποκεῖνται
1630 2065 1663 2096 δὲ
1674 2063 1763 2104 αὐτῷ’

210 2122 334 2161 Κρήτη,
353 2122 495 2157 Σικελία,
511 2143 519 2151 .
536 2143 543 2151 .
559 2143 567 2151 .
584 2120 711 2151 Ἰταλία
803 2119 866 2150 ’184
883 2121 1010 2150 minois
1035 2117 1110 2155 GL2,
1131 2121 1261 2149 minuis
1277 2121 1344 2149 ΒΜ.
1393 2116 1530 2148 Minois
1536 2115 1636 2157 filius
1649 2115 1762 2147 Mino-

210 2175 333 2203 taurus
350 2171 480 2202 dieitur
497 2174 537 2202 ut
554 2170 821 2212 Amphitryonis
836 2169 1014 2206 Hercules,
1033 2169 1061 2200 is
1077 2172 1196 2201 autem
1213 2179 1277 2210 pro
1294 2167 1497 2210 labyrintho
1514 2167 1645 2200 Gnosso
1658 2167 1763 2199 Creta

209 2223 362 2265 ponitur.
408 2223 416 2235 ‘
430 2222 518 2254 ainsi
535 2222 565 2253 le
585 2222 636 2253 fils
659 2221 701 2252 de
719 2221 842 2258 Minos,
861 2221 1008 2252 informe
1026 2221 1187 2262 compos&
1205 2221 1247 2251 de
1272 2220 1364 2251 deux
1387 2229 1488 2261 corps
1511 2219 1684 2256 differens,
1709 2220 1764 2249 est

211 2285 292 2306 sous
307 2274 341 2306 la
359 2274 555 2316 protection
574 2274 659 2305 d'un
678 2274 773 2314 signe
791 2272 986 2314 egalement
1004 2271 1185 2314 compose’
1206 2272 1405 2313 Pingraeus,
1425 2281 1514 2312 quae
1538 2270 1584 2302 ob
1602 2269 1765 2312 Scaligeri

212 2335 343 2357 errores
370 2324 598 2356 adscribenda
624 2324 708 2355 duxi
799 2325 861 2355 785
887 2327 968 2356 hinc
986 2327 1045 2361 GL,
1063 2327 1145 2355 huic
1165 2327 1198 2355 M
1218 2323 1283 2354 nisi
1300 2322 1414 2360 fallor,
1435 2322 1520 2354 item
1539 2321 1620 2353 Vrb.
1641 2321 1705 2353 667
1726 2323 1763 2352 et

214 2376 364 2418 Scaliger
453 2377 516 2408 786
541 2385 569 2407 11
594 2377 655 2407 241
684 2376 820 2407 Cretaeo
837 2375 946 2416 sulgyet
970 2375 1162 2407 Centaurus
1187 2375 1225 2405 in
1248 2383 1340 2411 arcu,
1368 2375 1428 2405 171
1450 2383 1500 2414 sq.
1520 2373 1685 2404 intentum
1703 2372 1764 2413 qui

215 2428 334 2468 deriyit
352 2437 468 2459 arcum
490 2426 495 2471 Ι
514 2427 650 2459 iunctus
660 2437 740 2467 equo
832 2428 894 2458 787
902 2427 1105 2468 fluitantem.
1153 2425 1220 2457 alio
1231 2428 1267 2457 et
1277 2425 1418 2467 proprio
1429 2434 1531 2456 sensu
1546 2424 1678 2456 Plinius
1688 2423 1760 2456 n.h.

212 2489 277 2511 XVI
304 2479 366 2511 168
390 2479 621 2511 harundinem
645 2478 685 2509 in
709 2477 835 2509 insulis
852 2477 1071 2519 fluitantibus
1096 2476 1315 2509 Orchomenii
1338 2476 1434 2508 lacus
1457 2476 1553 2507 nasei
1577 2475 1673 2513 dicit,
1697 2474 1764 2507 hoo

214 2534 267 2563 est
291 2533 331 2562 ut
355 2531 405 2562 ait
428 2530 690 2572 Theophrastus
713 2530 793 2561 hist.
823 2529 934 2571 plant.
953 2538 990 2561 1v
1009 2530 1048 2561 10
1063 2530 1084 2560 2
1107 2531 1159 2561 ἐπὶ
1185 2532 1248 2560 τῶν
1275 2530 1424 2560 πλοάδων
1451 2530 1568 2567 νήσων·
1614 2529 1675 2559 εἰσὶ
1699 2529 1764 2568 γάρ

214 2595 302 2615 τινεσ
319 2585 371 2614 καὶ
386 2585 524 2614 ἐνταῦθα.
543 2584 687 2614 πλοάδεσ
704 2584 793 2620 νῆσοι
812 2584 918 2622 ὥσπερ
935 2584 968 2613 ἐν
983 2584 1136 2620 Αἰγύπτῳ
1153 2582 1223 2620 περὶ
1241 2582 1282 2611 τὰ
1298 2582 1356 2618 ἕλη
1373 2582 1425 2611 καὶ
1442 2582 1475 2611 ἐν
1491 2580 1692 2620 Θεσπρωτίδι
1711 2580 1764 2610 καὶ

217 2638 249 2666 ἐν
275 2636 396 2666 ἄλλαισ
418 2635 570 2673 λίμναισε
603 2633 779 2670 Manilius,
805 2635 846 2664 ut
870 2633 935 2664 595
959 2632 1119 2664 tellurem
1142 2631 1255 2673 pelagi
1278 2641 1408 2663 corona
1430 2630 1617 2662 lustratam
1641 2632 1764 2662 natare

216 2685 318 2723 dixit,
355 2685 406 2717 ita
442 2695 534 2717 nunc
561 2685 757 2727 fluitantem
797 2684 954 2726 appellat
994 2694 1083 2724 quae
1121 2685 1336 2724 περίκλυστοο·
1366 2685 1430 2720 est,
1466 2680 1764 2723 quemadmodum

220 2737 322 2768 Hom.
344 2736 408 2769 Od.
431 2745 456 2768 x
480 2738 500 2769 3
525 2736 637 2776 πλωτῇ
672 2738 717 2768 ἐνὶ
746 2737 833 2775 νήσῳ
866 2735 1074 2767 scholiastae
1108 2733 1204 2766 Harl.
1230 2735 1319 2766 5674
1341 2737 1377 2766 et
1400 2734 1484 2766 Ven.
1511 2734 1575 2765 613
1598 2733 1765 2774 interpre-

218 2791 340 2819 tantur
366 2790 611 2829 περιρρεομένῃ;
650 2787 876 2827 similiterque
902 2786 1094 2828 Appuleius
1119 2788 1201 2817 met.
1226 2795 1266 2817 XI
1291 2787 1311 2817 5
1329 2786 1533 2827 fluctuantes
1556 2783 1678 2825 Cyprii

263 2852 413 2873 sororem.
462 2842 574 2873 insula
598 2841 731 2873 insulae
755 2851 846 2872 soror
870 2840 998 2872 dicitur
1021 2843 1062 2872 ut
1086 2850 1187 2872 coma
1210 2849 1329 2872 comae
1354 2838 1478 2872 Catull.
1506 2839 1548 2871 66
1572 2839 1611 2870 51
1631 2850 1637 2869 :
1676 2837 1767 2870 adde
