1872 3183
644 143 1130 187 ASTRONOMICON
1162 143 1229 185 IV
1654 148 1710 187 43

337 259 380 296 et
399 254 560 296 medias
581 254 719 295 Tauro
738 253 872 309 partis
893 253 1162 308 Geminisque
1181 267 1410 308 supremas.

213 336 281 368 350
337 343 412 370 nec
433 333 579 369 manet
597 328 751 382 ingrati
771 328 1048 383 Capricornus
1067 327 1239 369 crimine
1258 326 1395 382 turpis

338 402 410 444 sed
430 416 586 443 munus
605 402 745 443 reddit
764 402 923 444 Cancro
942 402 1174 456 recipitque
1193 405 1386 456 receptus

338 475 677 532 principiumque
698 476 763 517 sui
783 476 916 517 donat
935 490 943 525 ;
979 476 1204 517 coniuncta
1224 474 1374 516 Leonis

338 564 464 605 regna
484 549 640 600 ferunt,
662 564 849 591 summas
867 550 1001 605 partis
1022 555 1064 591 et
1083 549 1263 604 Virginis
1283 563 1384 590 esse.

336 624 526 665 fontibus
545 624 727 665 aeternis
746 624 933 679 gaudens
952 638 1142 678 urnaque
1161 623 1308 664 fluenti

213 705 281 737 355
336 699 429 740 iura
449 697 513 739 sui
533 697 684 739 Librae
702 697 914 753 permittit
931 697 1068 752 prima
1087 697 1280 752 regenda,

336 771 632 826 haerentisque
652 772 797 813 decem
815 771 950 827 partis
970 772 1090 826 Nepa
1109 771 1299 813 uindicat
1317 770 1397 826 ipsi
1416 784 1425 820 ;

337 860 524 887 summas
543 846 778 888 Centaurus
798 846 953 887 retinet
972 845 1164 887 iuuenale
1183 860 1257 900 per
1277 850 1452 886 astrum.

336 920 422 961 iam
442 925 644 975 superant
664 920 818 975 gemini
838 920 989 969 Pisces,
1011 920 1083 974 qui
1103 919 1238 960 sidera
1257 919 1475 961 claudunt.

336 994 541 1049 Lanigero
560 994 718 1049 primos
738 994 917 1035 tradunt
935 994 980 1035 in
999 993 1152 1035 finibus
1171 1008 1285 1043 usus,

212 1075 281 1107 360
336 1082 495 1123 perque
515 1068 659 1110 decem
679 1068 840 1110 medias
859 1073 1000 1123 partes
1020 1073 1082 1118 tu,
1104 1068 1252 1117 Taure,
1272 1072 1465 1122 receptus
1483 1081 1493 1117 3

338 1142 453 1197 quod
473 1147 676 1198 superest,
697 1142 777 1198 ipsi
797 1147 984 1192 sumunt,
1005 1147 1137 1197 utque
1158 1142 1256 1183 orbe
1275 1141 1468 1183 feruntur

337 1222 527 1258 extremo
547 1217 605 1258 sic
626 1222 670 1258 et
689 1217 813 1257 sortis
831 1231 929 1272 pars
948 1217 1099 1258 ultima
1118 1216 1243 1258 cedit.

390 1291 494 1332 haec
513 1291 623 1332 ratio
642 1291 794 1346 retegit
812 1291 1023 1332 latitantis
1042 1291 1193 1332 robora
1212 1290 1361 1331 mundi

337 1365 381 1405 in
400 1365 614 1420 plurisque
634 1365 781 1406 modos
800 1365 1064 1420 repetitaque
1084 1364 1255 1406 nomina
1274 1364 1438 1406 caelum

214 1446 282 1478 365
337 1439 492 1480 diuidit
512 1444 556 1480 et
574 1439 722 1480 melius
741 1439 887 1489 sociat,
909 1454 993 1493 quo
1013 1439 1191 1494 saepiuS‚
1213 1438 1370 1480 orbem.

336 1527 412 1554 nec
432 1518 509 1554 tua
529 1513 607 1554 sub
627 1513 764 1554 titulis
782 1513 984 1554 fallantur
1003 1519 1175 1568 pectora
1195 1512 1307 1554 notis
1326 1528 1334 1554 :

335 1587 617 1637 dissimulant,
638 1601 723 1628 non
744 1587 975 1629 ostendunt
995 1587 1242 1628 mortalibus
1263 1592 1390 1628 astra.

216 1725 368 1757 350-352
393 1725 472 1756 uide
499 1726 607 1757 323-7
699 1725 762 1756 350
787 1728 921 1764 ingrati
947 1729 1004 1757 LM
1033 1725 1107 1757 cod.
1136 1726 1300 1763 Venetus,
1326 1728 1490 1763 ingratus
1516 1724 1591 1761 GL2,
1615 1723 1711 1765 quod

169 1785 242 1808 non
269 1779 398 1808 temere
426 1776 555 1808 librarii
583 1777 620 1807 in
647 1776 733 1808 illud
761 1777 932 1808 mutaturi
956 1777 1099 1808 fuerunt
1188 1781 1305 1815 turpis
1330 1776 1490 1815 Iacobus,
1508 1779 1606 1815 turpi
1630 1775 1710 1807 libri

260 1827 325 1859 hoc
345 1827 469 1868 inyrati
487 1838 614 1858 nomen
633 1828 669 1859 in
689 1827 1001 1859 declamationibus
1019 1828 1281 1869 frequentatum
1295 1831 1357 1864 est,
1380 1827 1477 1859 uelut
1497 1827 1574 1859 Sen.
1596 1830 1706 1858 contr.

171 1886 199 1909 11
223 1879 243 1910 5
268 1879 309 1910 10
331 1888 399 1909 nori
421 1878 573 1918 quisquis
596 1888 664 1909 non
686 1879 828 1910 reddidit
851 1879 1043 1919 beneficium
1067 1879 1192 1919 inyrati
1214 1882 1350 1916 tenetur,
1378 1880 1416 1911 13
1440 1888 1486 1909 an
1509 1879 1594 1910 inter
1617 1878 1710 1909 uiros

168 1933 199 1961 et
214 1938 332 1961 uxores
346 1929 425 1961 data
436 1928 593 1969 beneficia
606 1929 731 1970 ingrati
746 1930 812 1969 leqe
827 1933 1008 1967 teneantur,
1029 1932 1067 1961 17
1085 1930 1210 1970 ingrati
1225 1931 1293 1970 aqit
1308 1933 1344 1961 et
1359 1930 1484 1970 inyrati
1499 1930 1710 1961 accusatione

260 1980 322 2011 352
341 1982 449 2014 leonis
468 1980 628 2022 Scaliger,
646 1982 737 2014 leoni
755 1981 833 2012 libri
850 1991 955 2012 causa
972 1984 1104 2022 aperta,
1123 1981 1217 2022 quod
1238 1981 1340 2012 solito
1360 1981 1425 2012 sibi
1446 1991 1540 2012 more
1556 1982 1711 2013 retinent

170 2041 233 2063 nec
252 2031 446 2063 defendunt
464 2031 613 2063 Iacobus
631 2034 667 2063 et
686 2032 876 2063 Bechertus
967 2033 1029 2063 353
1048 2032 1090 2063 de
1110 2036 1137 2064 et
1157 2033 1262 2063 tertia
1281 2032 1360 2063 sede
1379 2033 1493 2073 posito
1511 2031 1592 2063 uide
1611 2041 1624 2063 1
1643 2033 1708 2064 619

259 2083 321 2114 356
349 2083 524 2121 haerentis,
553 2084 740 2124 proximas,
759 2087 799 2114 ut
822 2092 866 2114 111
893 2084 958 2115 466
1048 2093 1140 2122 nepa
1167 2083 1477 2125 RegiomontanuS‚
1506 2088 1591 2115 nota
1618 2083 1708 2115 libri.

170 2134 305 2174 Nepam
328 2145 391 2176 pro
415 2134 556 2176 Scorpio
580 2144 609 2166 11
633 2136 686 2172 32,
712 2135 806 2176 quod
829 2136 956 2166 iterum
980 2135 1179 2167 coniectura
1202 2136 1405 2166 restitutum
1429 2137 1483 2166 est
1506 2143 1530 2166 v
1553 2135 1619 2167 339

215 2187 276 2218 357
295 2186 463 2224 taumate,
482 2186 635 2224 quenis,
654 2196 723 2227 quo
741 2187 880 2217 nomine
898 2186 1071 2227 Aquarius
1090 2186 1286 2227 appellatur
1303 2186 1379 2223 385,
1399 2187 1474 2224 709,
1494 2187 1557 2218 797
1646 2195 1709 2225 per

168 2240 307 2276 astrum,
333 2238 369 2269 in
393 2241 499 2275 astro,
517 2240 558 2269 ut
581 2238 647 2269 494
670 2248 719 2278 sq.
746 2238 842 2268 tertia
864 2238 972 2278 (pars)
995 2247 1055 2277 per
1079 2238 1225 2277 qerninos
1242 2262 1249 2269 .
1268 2261 1276 2268 .
1295 2261 1303 2268 .
1322 2236 1437 2268 Pisces
1453 2261 1461 2269 .
1479 2261 1487 2269 .
1509 2263 1516 2269 .
1534 2238 1710 2269 metuenda

171 2292 228 2326 est,
249 2289 315 2321 443
331 2298 393 2328 per
411 2289 532 2326 sidera,
553 2288 679 2330 quibus
699 2288 788 2320 adde
808 2299 897 2329 quae
917 2288 961 2319 ad
981 2297 1009 2319 11
1029 2290 1093 2320 352
1112 2292 1148 2320 et
1168 2289 1232 2320 922
1252 2288 1371 2320 adlata
1390 2291 1473 2320 sunt
1562 2289 1625 2319 359
1645 2289 1708 2320 360

170 2340 402 2372 certissimum
433 2343 558 2381 poetae
589 2350 738 2371 errorem
769 2350 830 2381 per
860 2340 1113 2381 neglegentiam
1144 2340 1335 2371 admissum
1366 2339 1516 2381 Scaliger
1545 2340 1707 2377 notauit;

172 2401 254 2422 nam
270 2401 313 2423 ex
326 2391 399 2432 lege
415 2391 468 2423 bis
483 2392 553 2422 iam
568 2391 605 2423 in
621 2392 730 2424 323-8
746 2394 782 2422 et
797 2392 862 2423 344
878 2401 928 2432 sq.
942 2391 1128 2422 obseruata
1142 2392 1274 2432 primae
1290 2391 1441 2423 Piscium
1457 2394 1574 2433 partes
1590 2391 1708 2433 Capri-

170 2452 287 2479 corno,
314 2442 448 2474 mediae
473 2442 628 2484 Aquario
654 2442 845 2474 tradendae
871 2445 991 2474 erant:
1030 2442 1140 2474 Arieti
1166 2442 1349 2484 Tauroque
1375 2443 1444 2474 iam
1471 2445 1591 2474 ternae
1617 2442 1707 2474 obti-

170 2497 295 2535 gerunt
323 2497 434 2525 sortes
462 2494 498 2525 in
526 2494 644 2525 Ariete
671 2495 759 2535 ipso,
789 2494 914 2531 Leone,
945 2493 1133 2535 Sagittario
1224 2494 1284 2525 361
1314 2498 1424 2532 utque
1449 2493 1577 2535 Fayus,
1596 2499 1706 2532 atque

170 2544 245 2582 (ΞΠ,
264 2554 354 2583 quae
371 2548 429 2576 LM
519 2546 582 2576 362
599 2545 682 2577 cedit
699 2546 771 2576 sine
789 2545 910 2576 datiuo
928 2548 969 2576 ut
986 2545 1085 2586 Verg.
1105 2545 1190 2576 Aen.
1208 2554 1263 2576 xri
1285 2546 1324 2577 17
1343 2545 1459 2576 habeat
1475 2545 1591 2583 uictos,
1614 2546 1707 2578 cedat

169 2595 323 2628 Lauinia
343 2596 501 2634 coniunx,
524 2596 600 2628 Sen.
625 2596 714 2628 Η.Ο.
739 2597 823 2629 1936
845 2597 969 2628 donum
988 2596 1162 2636 pharetrae
1182 2606 1303 2628 cessere
1323 2599 1410 2634 tuae,
1432 2596 1493 2628 ubi
1514 2595 1707 2629 duritatem

168 2647 305 2679 leniunt
326 2646 463 2678 adiecta
479 2647 627 2679 coniunx
643 2651 679 2679 et
695 2648 820 2679 donum
911 2648 972 2678 363
991 2651 1172 2680 latitantis
1189 2652 1234 2685 M,
1250 2651 1420 2680 latrantis
1436 2647 1511 2685 (ΗΡ,
1527 2651 1705 2681 latrantes

169 2702 192 2731 L
282 2698 345 2729 364
365 2707 394 2730 11
415 2699 480 2730 723
499 2698 656 2738 pluribus
672 2699 772 2739 inque
793 2699 900 2731 modis
922 2708 1038 2730 uerum
1059 2702 1182 2730 natura
1203 2699 1326 2730 locauit
1414 2702 1640 2738 repetitaque
1655 2700 1707 2737 L²‚

167 2753 300 2788 repetit
319 2754 427 2787 atque
452 2753 535 2782 GLM
559 2751 598 2790 (G
620 2751 728 2782 etiam
754 2751 916 2789 ominem),
934 2753 1065 2788 repetit
1089 2760 1179 2788 quae
1199 2750 1274 2782 cod.
1294 2750 1457 2782 Venetus.
1507 2750 1649 2782 zodiaco
1669 2751 1706 2783 in

165 2810 283 2833 xxva
312 2801 460 2832 decanos
489 2800 601 2833 diuiso
630 2802 772 2833 nomina
799 2810 854 2833 ΧΠ
883 2802 1058 2843 signorum
1087 2805 1141 2833 ter
1169 2804 1376 2843 repetuntur
1464 2802 1527 2833 366
1555 2806 1651 2835 notis
1679 2806 1705 2835 G

165 2852 243 2884 cod.
268 2852 433 2890 Venetus,
457 2856 557 2885 nodis
579 2856 636 2884 Lm
727 2853 788 2884 367
811 2863 877 2884 om.
903 2852 977 2884 cod.
1002 2853 1155 2885 Venetus
1246 2853 1463 2885 dissimulant
1484 2853 1579 2885 tituli
1600 2857 1702 2892 astra,
