1872 3183
150 128 206 167 24
741 126 803 168 M.
836 125 1088 175 MANILII

311 235 379 277 ille
399 251 532 278 nouas
551 250 714 292 semper
733 251 910 292 pugnas,
931 251 1043 279 noua
1064 236 1171 279 bella
1191 237 1375 279 ferarum

312 316 505 366 apparat,
528 316 571 353 et
590 311 724 367 spolio
742 312 853 353 uiuit
871 326 1155 367 pecorumque
1174 313 1330 368 rapinis
1350 327 1358 361 ;

189 391 254 423 180
310 384 387 427 hos
407 385 537 427 habet
556 385 634 428 hoc
655 386 859 436 studium,
881 386 1014 441 postis
1034 401 1181 428 ornare
1200 387 1401 442 superbos

312 459 491 515 pellibus
511 465 554 502 et
573 466 722 515 captas
741 460 938 502 domibus
957 461 1184 516 praefigere
1202 461 1380 516 praedas

312 538 356 575 et
375 548 526 589 pacare
547 539 665 576 metu
685 534 812 576 siluas
832 541 875 577 et
894 535 1036 577 uiuere
1056 535 1203 577 uictor.

312 613 412 650 sunt
432 623 614 663 quorum
633 609 787 651 similes
807 610 970 652 animos
990 624 1065 652 nec
1087 610 1251 651 moenia
1272 610 1446 659 frenent,

312 683 385 724 sed
404 683 616 738 pecudum
637 684 824 725 mandris
845 684 983 726 media
1002 690 1243 740 grassentur
1263 685 1306 726 in
1326 685 1428 726 urbe

150 838 287 877 δικαίασ,
329 839 566 871 ἀκολακεύτουσ
608 840 709 880 (ποιεῖ
743 841 806 871 τὰσ·
845 839 973 880 ψυχάσ)
1077 839 1137 870 178
1186 839 1252 877 ille,
1301 838 1354 870 leo
1403 837 1533 870 animal
1631 836 1696 869 179

148 893 302 928 apparat
327 894 363 921 et
388 889 463 927 GL2,
484 895 635 929 apparet
659 894 717 923 ΒΜ
808 894 920 929 spolio
944 893 1038 923 uiuit
1063 899 1297 929 pecorumque
1322 893 1368 927 Μ,
1393 898 1559 928 pecorum
1581 891 1693 927 spolio

148 943 311 978 uiuitque
327 945 376 973 GL
392 954 400 973 t
429 941 516 973 illud
531 941 666 973 facilius
682 942 718 973 in
734 941 798 973 hoc
816 942 994 973 abiturum
1011 941 1078 973 fuit
1094 941 1234 973 librario
1248 951 1268 972 a
1282 952 1325 982 pe
1341 941 1386 972 ad
1401 952 1463 982 que
1475 940 1693 972 transiliente

239 992 301 1023 180
314 996 378 1025 1105
392 993 422 1030 *,
437 997 501 1025 hoc
518 993 596 1025 libri
614 997 654 1025 ut
669 1004 771 1025 uersu
789 994 863 1025 696.
912 993 1042 1036 duplici
1059 994 1096 1024 in
1113 1004 1170 1025 uu.
1191 994 1252 1024 176
1267 1003 1317 1034 sq.
1335 993 1533 1034 propositae
1548 993 1694 1024 interro-

148 1043 293 1085 gationi,
309 1054 393 1085 quae
408 1045 451 1076 sit
462 1048 585 1076 natura
600 1045 722 1077 Leonis
732 1055 878 1086 quasque
889 1045 984 1085 siquo
999 1055 1059 1076 sao
1070 1044 1282 1076 nascentibus
1293 1048 1378 1076 artes
1389 1045 1496 1082 dictet,
1508 1043 1695 1085 dupliciter

148 1095 401 1136 respondetur:
442 1097 504 1128 178
528 1107 578 1138 sq.
604 1096 657 1128 leo
681 1096 771 1128 feras
796 1096 885 1128 bello
909 1096 1129 1138 persequitur
1151 1099 1187 1127 et
1211 1106 1335 1137 pecora
1359 1095 1559 1138 praedatur,
1587 1095 1697 1127 180-<2

149 1146 263 1178 Leone
280 1151 462 1179 nascentes
480 1149 676 1180 uenationis
693 1148 809 1180 studio
827 1152 992 1180 tenentur
1007 1161 1015 1186 ;
1045 1148 1138 1179 habet
1155 1151 1195 1180 ut
1212 1148 1311 1189 Verg.
1330 1148 1414 1179 Aen.
1432 1157 1487 1179 ΧΠ
1504 1148 1568 1179 282
1585 1147 1697 1178 omnis

149 1207 243 1229 amor
265 1208 356 1230 untes
378 1198 470 1230 habet
493 1199 661 1231 decernere
678 1199 778 1240 ferro.
830 1200 986 1241 ineptam
1012 1200 1046 1230 in
1072 1200 1138 1230 illis
1162 1199 1219 1230 hoc
1245 1199 1301 1230 hoc
1331 1199 1552 1230 iterationem
1576 1198 1695 1229 mendi

148 1249 276 1281 indicio
296 1260 369 1281 esse
390 1261 460 1281 non
480 1251 592 1282 solum
614 1251 792 1282 Bentleius
813 1252 921 1282 sensit
941 1250 1001 1283 sed
1021 1252 1129 1283 etiam
1150 1251 1210 1292 qui
1230 1260 1292 1282 nec
1312 1250 1413 1281 facile
1433 1249 1519 1281 talia
1539 1250 1696 1281 sentiunt

148 1311 211 1333 nec
235 1302 385 1334 libenter
410 1303 568 1335 Bentleio
593 1303 849 1335 adsentiuntur.
897 1313 941 1334 ex
966 1313 1092 1345 magno
1117 1303 1395 1334 coniecturarum
1420 1312 1564 1334 numero
1589 1311 1697 1333 unam

149 1352 237 1395 Fayi
262 1354 554 1392 commemorabo,
573 1353 631 1385 hoc
657 1354 749 1385 habet
774 1354 834 1385 hic
859 1355 1020 1391 studium,
1047 1355 1107 1396 qui
1133 1354 1188 1385 ille
1205 1378 1212 1385 .
1232 1378 1240 1386 .
1260 1378 1267 1385 .
1287 1353 1341 1385 hic
1365 1354 1617 1396 interpretatus
1641 1355 1697 1384 est

150 1405 241 1436 alius
257 1429 265 1437 .
284 1429 292 1438 .
312 1430 319 1437 .
339 1405 430 1437 alius
520 1409 632 1445 postis
652 1431 660 1439 .
679 1431 687 1439 .
707 1432 714 1439 .
732 1410 900 1444 superbos
912 1406 1012 1438 codd.
1030 1406 1120 1437 Flor.
1133 1409 1169 1437 et
1184 1405 1295 1443 Bodl.‚
1309 1408 1435 1444 positis
1453 1429 1461 1437 .
1480 1429 1488 1437 .
1508 1429 1515 1436 .
1535 1407 1696 1443 superbis

148 1460 233 1489 GLM
249 1457 324 1489 cod.
339 1458 503 1490 Venetus.
552 1458 721 1499 Vergilius
735 1458 819 1489 Aen.
836 1467 864 1489 11
878 1459 943 1490 504
957 1458 1126 1489 barbarico
1137 1461 1247 1498 postes
1260 1467 1343 1489 auro
1354 1457 1536 1498 spoliisque
1550 1455 1697 1497 superbi,

148 1507 311 1549 idemque
336 1509 438 1550 (quos
462 1508 555 1540 locos
580 1508 719 1540 Ellisius
742 1519 782 1540 eo
807 1509 949 1540 consilio
973 1508 1096 1540 attulit
1120 1511 1161 1540 ut
1184 1508 1336 1549 superbis
1357 1508 1503 1549 pellibus
1526 1508 1698 1547 tueretur)

150 1568 219 1591 vm
240 1561 303 1592 196
317 1559 513 1601 foribusque
531 1560 645 1602 adfixa
664 1560 817 1602 superbis
837 1559 842 1604 Ι
862 1571 921 1592 ora
940 1561 1065 1598 uirum,
1087 1562 1148 1592 721
1171 1560 1259 1592 dona
1278 1560 1475 1600 recoqnoscit
1492 1559 1697 1601 populorum

149 1614 306 1653 aptatque
337 1612 489 1653 superbis
511 1611 515 1655 Ι
533 1612 708 1653 postibus:
754 1612 843 1644 adde
875 1612 959 1643 Hor.
992 1621 1097 1644 carm.
1131 1620 1169 1643 1v
1203 1613 1242 1643 15
1274 1612 1338 1643 6—8
1369 1612 1467 1652 sigma
1484 1636 1491 1642 .
1511 1636 1518 1643 .
1539 1637 1546 1643 .
1565 1611 1700 1652 derepta

151 1663 353 1695 Parthorum
381 1663 533 1704 superbis
554 1662 559 1706 Ι
577 1663 740 1704 postibus,
769 1663 870 1695 aliter
896 1664 989 1695 enim
1017 1663 1199 1695 Lucretius
1223 1663 1331 1704 postis
1358 1662 1516 1704 superbos
1542 1662 1633 1694 dixit
1660 1671 1698 1694 IV

154 1715 240 1746 1178
332 1714 393 1745 182
404 1724 527 1755 pacare
539 1718 580 1746 ut
593 1714 682 1747 Stat.
697 1714 804 1746 Theb.
821 1723 858 1746 IV
872 1715 1004 1746 248—50
1017 1714 1216 1754 (Atalanta)
1230 1714 1337 1745 saltus
1349 1713 1520 1755 tuncforte
1532 1717 1670 1745 remotos
1691 1712 1695 1756 Ι

150 1789 159 1798 .
180 1789 187 1796 .
207 1789 215 1796 .
231 1765 375 1806 pacabat
396 1775 509 1803 cornu,
533 1766 593 1797 ubi
615 1766 816 1797 scholiastes
840 1766 876 1798 id
898 1769 943 1797 est
964 1766 1202 1797 uenationibus
1221 1769 1359 1806 pacatos
1374 1765 1528 1807 ferarum
1549 1764 1701 1797 reddebat

153 1817 302 1854 interitu,
329 1816 396 1849 Cic.
424 1817 523 1848 Tusc.
551 1826 580 1848 11
605 1818 646 1848 22
672 1817 750 1848 haec
774 1817 888 1849 dextra
912 1817 1057 1848 Lernam
1086 1820 1190 1848 taetra
1219 1820 1362 1848 mactata
1390 1820 1516 1849 emetra
1536 1815 1541 1860 Ι
1559 1817 1701 1858 pacauit

155 1868 320 1909 (placauit
341 1868 445 1908 libri),
469 1868 526 1901 Sil.
551 1877 580 1900 ΙΙ
601 1869 665 1901 483
688 1868 833 1901 Nemeae
852 1872 990 1909 pacator
1011 1869 1189 1906 Hercules,
1209 1868 1328 1901 Claud.
1353 1869 1428 1902 Stil.
1453 1878 1497 1901 111
1518 1869 1584 1900 284
1603 1872 1700 1909 pacet

154 1919 349 1951 muneribus
367 1919 471 1960 (feras
488 1920 766 1961 spectaculorum
784 1930 889 1952 causa
908 1920 1092 1962 abigendo)
1111 1923 1235 1951 montes
1252 1920 1311 1960 qui
1329 1920 1454 1960 leyibus
1470 1919 1577 1957 urbes,
1596 1920 1697 1962 Verg.

155 1970 240 2002 Aen.
265 1979 305 2002 VI
327 1971 391 2003 802
414 1981 464 2013 sq.
483 1971 598 2013 fixerit
620 1971 807 2012 aeripedem
828 1981 962 2003 ceruam
984 1971 1057 2003 licet
1079 1974 1138 2003 aut
1164 1971 1365 2012 Erymanthi
1386 1970 1391 2014 Ι
1408 1971 1541 2012 pacarit
1563 1981 1700 2003 nemora

158 2025 186 2054 et
200 2021 346 2054 Lernam
360 2022 570 2064 tremefecerit
586 2032 677 2060 arcu,
694 2023 755 2064 qui
770 2023 866 2055 locus
881 2023 967 2055 facit
983 2026 1024 2055 ut
1039 2026 1161 2055 metum
1176 2024 1385 2065 interpreter
1399 2023 1480 2055 feris
1497 2034 1517 2055 a
1532 2026 1699 2055 uenatore

155 2074 344 2111 incussum,
362 2075 453 2105 sicut
468 2073 596 2105 dicitur
612 2074 696 2106 Aen.
716 2083 755 2106 IX
771 2075 833 2106 591
847 2074 941 2116 feras
957 2074 1076 2106 solitus
1091 2077 1207 2106 terrere
1217 2074 1366 2116 suyaceS,
1384 2085 1454 2106 non
1470 2085 1550 2106 cum
1568 2075 1702 2106 Huetio

155 2125 283 2157 lineam
313 2126 429 2168 pinnis
459 2125 662 2158 distinctam
694 2126 739 2158 ab
768 2127 843 2168 ipso
873 2126 1001 2158 effectu
1031 2126 1163 2158 dictam
1193 2126 1426 2165 formidinem,
1457 2137 1564 2168 quam
1594 2129 1700 2158 metus

156 2177 297 2208 nomine
320 2177 559 2218 significarunt
581 2177 741 2209 Grattius
764 2178 818 2215 85,
843 2178 896 2215 88,
921 2177 1149 2210 Nemesianus
1172 2188 1249 2219 cyn.
1276 2179 1351 2215 304,
1376 2178 1438 2210 311
1531 2177 1636 2209 uictor
1659 2181 1699 2209 ut

157 2238 219 2269 per
237 2229 502 2269 grammaticam
521 2229 651 2260 seruari
669 2228 788 2261 liceret
807 2229 982 2260 Breiterus
1001 2230 1037 2260 in
1056 2240 1089 2260 u.
1113 2229 1175 2261 180
1194 2229 1342 2269 superbit
1360 2231 1467 2270 atque
1485 2229 1626 2270 insuper
1644 2229 1700 2260 ille

158 2278 251 2311 habet
263 2280 411 2311 nouauit
426 2291 434 2311 ε
465 2289 604 2311 5011511111
617 2290 659 2311 110
677 2280 765 2311 uicto
779 2279 932 2321 quidem,
947 2280 1042 2322 quod
1056 2291 1076 2311 a
1089 2279 1189 2312 codd.
1207 2279 1305 2312 Bodl.
1322 2279 1394 2311 Pal.
1410 2279 1487 2312 Par.
1500 2279 1700 2312 subiectum

158 2340 220 2362 nec
241 2330 391 2372 Scaliger
409 2341 471 2362 nec
492 2331 670 2363 Bentleius
689 2333 831 2363 omnino
850 2331 1060 2373 repudiauit,
1080 2331 1296 2373 probabilem
1315 2331 1443 2368 efficit;
1476 2341 1587 2372 neque
1606 2332 1700 2364 enim

158 2382 243 2414 satis
258 2385 340 2424 apte
354 2385 502 2413 uenator
514 2392 573 2414 eas
587 2382 714 2424 quibus
728 2384 880 2415 uescitur
893 2383 983 2415 feras
997 2384 1130 2414 uincere
1144 2383 1271 2414 dicitur
1285 2385 1422 2424 praeter
1435 2382 1547 2414 solum
1562 2392 1699 2424 aprum.

160 2434 342 2475 aptissima
369 2436 423 2465 est
451 2443 471 2464 a
498 2433 670 2475 plerisque
698 2437 838 2476 recepta
866 2435 1135 2476 Regiomontani
1169 2434 1270 2466 lectio
1299 2436 1435 2474 rapto;
1475 2444 1558 2465 nam
1585 2435 1703 2466 uiuere

159 2488 255 2525 rapto
278 2487 315 2516 et
339 2484 397 2516 alii
421 2485 523 2517 multi
547 2485 712 2517 dixerunt
735 2488 772 2517 et
795 2486 1023 2527 praecedente
1047 2488 1196 2517 uenatus
1221 2486 1396 2517 mentione
1419 2485 1588 2527 Vergilius
1613 2485 1699 2517 Aen.

160 2545 213 2567 vn
235 2537 311 2574 749,
333 2545 372 2567 lx
394 2537 470 2574 613,
488 2536 615 2577 quibus
632 2537 715 2568 locis
733 2537 829 2569 adice
852 2537 909 2569 Sil.
929 2546 957 2568 11
979 2538 1040 2569 501
1065 2547 1115 2578 sq.
1136 2547 1223 2568 more
1239 2536 1391 2578 ferarum
1412 2535 1418 2580 Ι
1437 2536 1587 2568 uiuentis
1603 2540 1701 2577 rapto

160 2587 312 2628 populos.
360 2586 456 2629 quod
480 2591 598 2620 autem
621 2588 686 2620 hoc
710 2591 853 2630 propter
876 2589 990 2620 uiuit.
1011 2612 1018 2620 .
1038 2612 1045 2620 .
1064 2588 1200 2629 rapinis
1222 2599 1255 2619 u.
1278 2589 1340 2620 179
1363 2588 1518 2629 positum
1543 2588 1700 2620 Bentleio

161 2637 331 2679 displicet,
352 2637 561 2676 accederem,
581 2639 610 2670 si
629 2642 816 2680 utrumque
835 2639 957 2671 eodem
976 2638 1183 2670 referretur:
1215 2649 1319 2676 nunc,
1339 2649 1419 2670 cum
1437 2638 1523 2670 iflud
1542 2638 1584 2670 de
1602 2638 1704 2670 leone

160 2689 247 2730 ipso,
267 2688 332 2721 hoc
351 2689 394 2721 de
413 2689 611 2721 hominibus
631 2689 755 2721 Leonis
774 2691 870 2732 signo
890 2690 1114 2722 nascentibus
1133 2689 1282 2727 dicatur,
1302 2700 1372 2721 non
1391 2689 1548 2721 offendor
1638 2690 1699 2720 183

161 2743 300 2772 frenent
319 2739 395 2772 cod.
416 2740 518 2778 Flor„
539 2744 648 2773 frenis
666 2745 750 2773 GLM
775 2741 850 2773 cod.
871 2741 1024 2773 Venetus
1116 2741 1178 2772 184
1197 2741 1253 2773 sed
1271 2742 1361 2783 (qui)
1378 2743 1589 2781 crassentur:
1622 2740 1705 2772 uide

162 2791 207 2822 ad
231 2799 245 2822 1
270 2791 333 2824 136
423 2795 595 2830 pecudum
618 2796 664 2830 Μ,
681 2802 845 2831 pecorum
861 2796 910 2824 GL
933 2792 1080 2824 fortasse
1102 2802 1145 2824 ex
1174 2793 1237 2824 179
1326 2795 1483 2824 mandris
1496 2791 1526 2829 *‚
1548 2795 1702 2824 menbris

161 2845 223 2880 GL,
236 2845 402 2875 membris
419 2845 452 2875 Μ
543 2848 752 2882 grassentur
768 2847 838 2881 LM,
859 2848 1071 2884 grassantur
1088 2847 1113 2876 G
1203 2843 1376 2885 pecudum
1391 2843 1553 2875 membris
1570 2853 1704 2885 grassa-
