<?xml version="1.0" encoding="UTF-8"?>
<!DOCTYPE html PUBLIC "-//W3C//DTD XHTML 1.0 Transitional//EN"
    "http://www.w3.org/TR/xhtml1/DTD/xhtml1-transitional.dtd">
<html xmlns="http://www.w3.org/1999/xhtml" xml:lang="en" lang="en">
 <head>
  <title>
</title>
<meta http-equiv="Content-Type" content="text/html;charset=utf-8" />
  <meta name='ocr-system' content='tesseract 3.04.00' />
  <meta name='ocr-capabilities' content='ocr_page ocr_carea ocr_par ocr_line ocrx_word'/>
</head>
<body>
  <div class='ocr_page' id='page_1' title='image "astronomiconrece04maniuoft_0086.png"; bbox 0 0 1872 3183; ppageno 0'>
   <div class='ocr_carea' id='block_1_1' title="bbox 153 137 1090 179">
    <p class='ocr_par' dir='ltr' id='par_1_1' title="bbox 153 137 1090 179">
     <span class='ocr_line' id='line_1_1' title="bbox 153 137 1090 179; baseline 0 -1"><span class='ocrx_word' id='word_1_1' title='bbox 153 140 207 179; x_wconf 90' lang='lat'>60</span> <span class='ocrx_word' id='word_1_2' title='bbox 742 137 803 178; x_wconf 91' lang='lat' dir='ltr'>M.</span> <span class='ocrx_word' id='word_1_3' title='bbox 837 137 1090 179; x_wconf 88' lang='lat' dir='ltr'>MANILII</span> 
     </span>
    </p>
   </div>
   <div class='ocr_carea' id='block_1_2' title="bbox 187 246 1556 1047">
    <p class='ocr_par' dir='ltr' id='par_1_2' title="bbox 187 246 1556 525">
     <span class='ocr_line' id='line_1_2' title="bbox 187 246 1479 304; baseline 0.005 -19"><span class='ocrx_word' id='word_1_4' title='bbox 187 253 255 285; x_wconf 87' lang='lat'>490</span> <span class='ocrx_word' id='word_1_5' title='bbox 312 246 556 288; x_wconf 87' lang='lat' dir='ltr'>damnanda</span> <span class='ocrx_word' id='word_1_6' title='bbox 576 252 640 289; x_wconf 87' lang='lat' dir='ltr'>est</span> <span class='ocrx_word' id='word_1_7' title='bbox 660 247 862 290; x_wconf 79' lang='lat' dir='ltr'>decumae</span> <span class='ocrx_word' id='word_1_8' title='bbox 881 248 1107 290; x_wconf 78' lang='lat' dir='ltr'>succedens</span> <span class='ocrx_word' id='word_1_9' title='bbox 1127 249 1264 304; x_wconf 89' lang='lat' dir='ltr'>prima</span> <span class='ocrx_word' id='word_1_10' title='bbox 1283 255 1479 304; x_wconf 85' lang='lat' dir='ltr'>peractae</span> 
     </span>
     <span class='ocr_line' id='line_1_3' title="bbox 312 321 1556 378; baseline 0.003 -16"><span class='ocrx_word' id='word_1_11' title='bbox 312 321 525 376; x_wconf 87' lang='lat' dir='ltr'>tertiaque</span> <span class='ocrx_word' id='word_1_12' title='bbox 545 327 588 363; x_wconf 92' lang='lat' dir='ltr'>et</span> <span class='ocrx_word' id='word_1_13' title='bbox 607 322 759 377; x_wconf 84' lang='lat' dir='ltr'>quinta</span> <span class='ocrx_word' id='word_1_14' title='bbox 779 327 822 363; x_wconf 90' lang='lat' dir='ltr'>et</span> <span class='ocrx_word' id='word_1_15' title='bbox 842 337 1018 364; x_wconf 88' lang='lat' dir='ltr'>numero</span> <span class='ocrx_word' id='word_1_16' title='bbox 1038 337 1148 378; x_wconf 88' lang='lat' dir='ltr'>quae</span> <span class='ocrx_word' id='word_1_17' title='bbox 1166 323 1339 365; x_wconf 77' lang='lat' dir='ltr'>condita</span> <span class='ocrx_word' id='word_1_18' title='bbox 1359 338 1471 366; x_wconf 88' lang='lat' dir='ltr'>nono</span> <span class='ocrx_word' id='word_1_19' title='bbox 1491 330 1556 366; x_wconf 85' lang='lat' dir='ltr'>est</span> 
     </span>
     <span class='ocr_line' id='line_1_4' title="bbox 313 396 1255 452; baseline 0.003 -16"><span class='ocrx_word' id='word_1_20' title='bbox 313 401 356 437; x_wconf 91' lang='lat' dir='ltr'>et</span> <span class='ocrx_word' id='word_1_21' title='bbox 375 401 473 450; x_wconf 91' lang='lat' dir='ltr'>post</span> <span class='ocrx_word' id='word_1_22' title='bbox 492 396 644 450; x_wconf 86' lang='lat' dir='ltr'>uiginti</span> <span class='ocrx_word' id='word_1_23' title='bbox 663 397 800 451; x_wconf 88' lang='lat' dir='ltr'>prima</span> <span class='ocrx_word' id='word_1_24' title='bbox 823 402 866 438; x_wconf 86' lang='lat' dir='ltr'>et</span> <span class='ocrx_word' id='word_1_25' title='bbox 884 397 1084 438; x_wconf 87' lang='lat' dir='ltr'>uicesima</span> <span class='ocrx_word' id='word_1_26' title='bbox 1105 398 1255 452; x_wconf 87' lang='lat' dir='ltr'>quinta</span> 
     </span>
     <span class='ocr_line' id='line_1_5' title="bbox 312 470 1459 525; baseline 0.003 -14"><span class='ocrx_word' id='word_1_27' title='bbox 312 484 494 525; x_wconf 88' lang='lat' dir='ltr'>cumque</span> <span class='ocrx_word' id='word_1_28' title='bbox 514 470 584 511; x_wconf 89' lang='lat' dir='ltr'>illa</span> <span class='ocrx_word' id='word_1_29' title='bbox 605 476 805 525; x_wconf 84' lang='lat' dir='ltr'>quartam</span> <span class='ocrx_word' id='word_1_30' title='bbox 825 472 1096 513; x_wconf 82' lang='lat' dir='ltr'>accumulans</span> <span class='ocrx_word' id='word_1_31' title='bbox 1116 472 1314 514; x_wconf 84' lang='lat' dir='ltr'>uicesima</span> <span class='ocrx_word' id='word_1_32' title='bbox 1334 487 1459 514; x_wconf 90' lang='lat' dir='ltr'>nona.</span> 
     </span>
    </p>

    <p class='ocr_par' dir='ltr' id='par_1_3' title="bbox 368 545 1466 601">
     <span class='ocr_line' id='line_1_6' title="bbox 368 545 1466 601; baseline 0.002 -15"><span class='ocrx_word' id='word_1_33' title='bbox 368 545 495 586; x_wconf 85' lang='lat' dir='ltr'>tertia</span> <span class='ocrx_word' id='word_1_34' title='bbox 515 560 589 600; x_wconf 87' lang='lat' dir='ltr'>per</span> <span class='ocrx_word' id='word_1_35' title='bbox 608 545 798 600; x_wconf 84' lang='lat' dir='ltr'>geminos</span> <span class='ocrx_word' id='word_1_36' title='bbox 817 551 860 587; x_wconf 86' lang='lat' dir='ltr'>et</span> <span class='ocrx_word' id='word_1_37' title='bbox 880 546 1031 601; x_wconf 87' lang='lat' dir='ltr'>quinta</span> <span class='ocrx_word' id='word_1_38' title='bbox 1051 551 1094 587; x_wconf 92' lang='lat' dir='ltr'>et</span> <span class='ocrx_word' id='word_1_39' title='bbox 1113 547 1294 601; x_wconf 84' lang='lat' dir='ltr'>septima</span> <span class='ocrx_word' id='word_1_40' title='bbox 1315 547 1466 596; x_wconf 71' lang='lat' dir='ltr'>Pisces,</span> 
     </span>
    </p>

    <p class='ocr_par' dir='ltr' id='par_1_4' title="bbox 189 618 1555 823">
     <span class='ocr_line' id='line_1_7' title="bbox 189 618 1555 676; baseline 0.004 -18"><span class='ocrx_word' id='word_1_41' title='bbox 189 626 258 658; x_wconf 87' lang='lat'>495</span> <span class='ocrx_word' id='word_1_42' title='bbox 315 618 539 660; x_wconf 85' lang='lat' dir='ltr'>undecima</span> <span class='ocrx_word' id='word_1_43' title='bbox 560 624 603 661; x_wconf 89' lang='lat' dir='ltr'>et</span> <span class='ocrx_word' id='word_1_44' title='bbox 623 619 826 661; x_wconf 81' lang='lat' dir='ltr'>decumae</span> <span class='ocrx_word' id='word_1_45' title='bbox 846 620 1075 662; x_wconf 90' lang='lat' dir='ltr'>metuenda</span> <span class='ocrx_word' id='word_1_46' title='bbox 1096 626 1161 662; x_wconf 88' lang='lat' dir='ltr'>est</span> <span class='ocrx_word' id='word_1_47' title='bbox 1181 622 1361 676; x_wconf 85' lang='lat' dir='ltr'>septima</span> <span class='ocrx_word' id='word_1_48' title='bbox 1382 621 1525 663; x_wconf 85' lang='lat' dir='ltr'>iuncta</span> <span class='ocrx_word' id='word_1_49' title='bbox 1547 637 1555 671; x_wconf 78' lang='lat'><em>3</em></span> 
     </span>
     <span class='ocr_line' id='line_1_8' title="bbox 314 693 1406 751; baseline 0.003 -17"><span class='ocrx_word' id='word_1_50' title='bbox 314 698 357 734; x_wconf 87' lang='lat' dir='ltr'>et</span> <span class='ocrx_word' id='word_1_51' title='bbox 377 693 528 747; x_wconf 88' lang='lat' dir='ltr'>quinta</span> <span class='ocrx_word' id='word_1_52' title='bbox 548 694 591 734; x_wconf 86' lang='lat' dir='ltr'>in</span> <span class='ocrx_word' id='word_1_53' title='bbox 611 694 763 749; x_wconf 86' lang='lat' dir='ltr'>quinos</span> <span class='ocrx_word' id='word_1_54' title='bbox 782 709 979 736; x_wconf 87' lang='lat' dir='ltr'>numeros</span> <span class='ocrx_word' id='word_1_55' title='bbox 998 701 1196 737; x_wconf 82' lang='lat' dir='ltr'>reuocata</span> <span class='ocrx_word' id='word_1_56' title='bbox 1217 696 1406 751; x_wconf 87' lang='lat' dir='ltr'>duasque</span> 
     </span>
     <span class='ocr_line' id='line_1_9' title="bbox 314 768 1298 823; baseline 0.002 -15"><span class='ocrx_word' id='word_1_57' title='bbox 314 768 522 823; x_wconf 83' lang='lat' dir='ltr'>accipiens</span> <span class='ocrx_word' id='word_1_58' title='bbox 542 768 654 809; x_wconf 86' lang='lat' dir='ltr'>ultra</span> <span class='ocrx_word' id='word_1_59' title='bbox 673 783 861 810; x_wconf 86' lang='lat' dir='ltr'>summas</span> <span class='ocrx_word' id='word_1_60' title='bbox 880 770 1108 811; x_wconf 89' lang='lat' dir='ltr'>metuenda</span> <span class='ocrx_word' id='word_1_61' title='bbox 1128 770 1298 812; x_wconf 79' lang='lat' dir='ltr'>feretur.</span> 
     </span>
    </p>

    <p class='ocr_par' dir='ltr' id='par_1_5' title="bbox 315 842 1401 973">
     <span class='ocr_line' id='line_1_10' title="bbox 369 842 1401 900; baseline 0.003 -17"><span class='ocrx_word' id='word_1_62' title='bbox 369 842 449 884; x_wconf 87' lang='lat' dir='ltr'>hae</span> <span class='ocrx_word' id='word_1_63' title='bbox 467 848 610 898; x_wconf 83' lang='lat' dir='ltr'>partes</span> <span class='ocrx_word' id='word_1_64' title='bbox 630 843 814 884; x_wconf 84' lang='lat' dir='ltr'>sterilem</span> <span class='ocrx_word' id='word_1_65' title='bbox 834 844 997 885; x_wconf 85' lang='lat' dir='ltr'>ducunt</span> <span class='ocrx_word' id='word_1_66' title='bbox 1017 849 1060 885; x_wconf 91' lang='lat' dir='ltr'>et</span> <span class='ocrx_word' id='word_1_67' title='bbox 1081 844 1233 899; x_wconf 78' lang='lat' dir='ltr'>frigore</span> <span class='ocrx_word' id='word_1_68' title='bbox 1253 850 1296 886; x_wconf 90' lang='lat' dir='ltr'>et</span> <span class='ocrx_word' id='word_1_69' title='bbox 1316 845 1401 900; x_wconf 88' lang='lat' dir='ltr'>igni</span> 
     </span>
     <span class='ocr_line' id='line_1_11' title="bbox 315 917 1286 973; baseline 0.001 -15"><span class='ocrx_word' id='word_1_70' title='bbox 315 932 412 958; x_wconf 85' lang='lat' dir='ltr'>aera</span> <span class='ocrx_word' id='word_1_71' title='bbox 432 917 501 959; x_wconf 88' lang='lat' dir='ltr'>uel</span> <span class='ocrx_word' id='word_1_72' title='bbox 520 917 629 959; x_wconf 85' lang='lat' dir='ltr'>sicco</span> <span class='ocrx_word' id='word_1_73' title='bbox 649 917 716 960; x_wconf 91' lang='lat' dir='ltr'>uel</span> <span class='ocrx_word' id='word_1_74' title='bbox 737 918 851 973; x_wconf 87' lang='lat' dir='ltr'>quod</span> <span class='ocrx_word' id='word_1_75' title='bbox 871 919 1133 973; x_wconf 87' lang='lat' dir='ltr'>superauerit</span> <span class='ocrx_word' id='word_1_76' title='bbox 1153 933 1286 968; x_wconf 86' lang='lat' dir='ltr'>umor,</span> 
     </span>
    </p>

    <p class='ocr_par' dir='ltr' id='par_1_6' title="bbox 190 991 1286 1047">
     <span class='ocr_line' id='line_1_12' title="bbox 190 991 1286 1047; baseline 0.004 -17"><span class='ocrx_word' id='word_1_77' title='bbox 190 999 258 1030; x_wconf 86' lang='lat'>500</span> <span class='ocrx_word' id='word_1_78' title='bbox 315 991 350 1032; x_wconf 91' lang='lat' dir='ltr'>si</span> <span class='ocrx_word' id='word_1_79' title='bbox 369 992 542 1047; x_wconf 85' lang='lat' dir='ltr'>rapidus</span> <span class='ocrx_word' id='word_1_80' title='bbox 562 992 730 1033; x_wconf 85' lang='lat' dir='ltr'>Mauors</span> <span class='ocrx_word' id='word_1_81' title='bbox 750 992 856 1047; x_wconf 82' lang='lat' dir='ltr'>ignis</span> <span class='ocrx_word' id='word_1_82' title='bbox 876 992 1085 1034; x_wconf 85' lang='lat' dir='ltr'>iaculatur</span> <span class='ocrx_word' id='word_1_83' title='bbox 1105 993 1148 1033; x_wconf 88' lang='lat' dir='ltr'>in</span> <span class='ocrx_word' id='word_1_84' title='bbox 1168 993 1286 1034; x_wconf 85' lang='lat' dir='ltr'>illum</span> 
     </span>
    </p>
   </div>
   <div class='ocr_carea' id='block_1_3' title="bbox 148 1106 1707 2892">
    <p class='ocr_par' dir='ltr' id='par_1_7' title="bbox 148 1106 1707 2892">
     <span class='ocr_line' id='line_1_13' title="bbox 150 1106 1698 1150; baseline 0.002 -13"><span class='ocrx_word' id='word_1_85' title='bbox 150 1106 238 1138; x_wconf 88' lang='lat' dir='ltr'>uitio</span> <span class='ocrx_word' id='word_1_86' title='bbox 267 1109 425 1137; x_wconf 72' lang='lat' dir='ltr'>carerent</span> <span class='ocrx_word' id='word_1_87' title='bbox 453 1106 602 1138; x_wconf 85' lang='lat' dir='ltr'>totidem</span> <span class='ocrx_word' id='word_1_88' title='bbox 632 1116 721 1148; x_wconf 80' lang='lat' dir='ltr'>quae</span> <span class='ocrx_word' id='word_1_89' title='bbox 748 1107 841 1138; x_wconf 87' lang='lat' dir='ltr'>inter</span> <span class='ocrx_word' id='word_1_90' title='bbox 868 1107 1089 1138; x_wconf 80' lang='lat' dir='ltr'>undecimam</span> <span class='ocrx_word' id='word_1_91' title='bbox 1117 1110 1154 1138; x_wconf 91' lang='lat' dir='ltr'>et</span> <span class='ocrx_word' id='word_1_92' title='bbox 1182 1108 1407 1139; x_wconf 87' lang='lat' dir='ltr'>uicensimam</span> <span class='ocrx_word' id='word_1_93' title='bbox 1436 1109 1586 1150; x_wconf 84' lang='lat' dir='ltr'>primam</span> <span class='ocrx_word' id='word_1_94' title='bbox 1614 1111 1698 1140; x_wconf 75' lang='lat' dir='ltr'>sunt</span> 
     </span>
     <span class='ocr_line' id='line_1_14' title="bbox 150 1158 1699 1202; baseline 0.003 -14"><span class='ocrx_word' id='word_1_95' title='bbox 150 1160 269 1199; x_wconf 80' lang='lat' dir='ltr'>partes</span> <span class='ocrx_word' id='word_1_96' title='bbox 289 1167 401 1198; x_wconf 84' lang='lat' dir='ltr'>neque</span> <span class='ocrx_word' id='word_1_97' title='bbox 421 1158 494 1199; x_wconf 88' lang='lat' dir='ltr'>ipse</span> <span class='ocrx_word' id='word_1_98' title='bbox 514 1159 622 1189; x_wconf 84' lang='lat' dir='ltr'>sensit</span> <span class='ocrx_word' id='word_1_99' title='bbox 642 1168 754 1199; x_wconf 90' lang='lat' dir='ltr'>neque</span> <span class='ocrx_word' id='word_1_100' title='bbox 774 1159 835 1200; x_wconf 90' lang='lat' dir='ltr'>qui</span> <span class='ocrx_word' id='word_1_101' title='bbox 854 1168 934 1190; x_wconf 90' lang='lat' dir='ltr'>eum</span> <span class='ocrx_word' id='word_1_102' title='bbox 954 1160 1027 1190; x_wconf 90' lang='lat' dir='ltr'>sine</span> <span class='ocrx_word' id='word_1_103' title='bbox 1047 1159 1174 1190; x_wconf 89' lang='lat' dir='ltr'>iudicio</span> <span class='ocrx_word' id='word_1_104' title='bbox 1194 1160 1292 1200; x_wconf 88' lang='lat' dir='ltr'>sequi</span> <span class='ocrx_word' id='word_1_105' title='bbox 1312 1160 1400 1191; x_wconf 83' lang='lat' dir='ltr'>solet</span> <span class='ocrx_word' id='word_1_106' title='bbox 1420 1160 1699 1202; x_wconf 82' lang='lat' dir='ltr'>Wageningenus</span> 
     </span>
     <span class='ocr_line' id='line_1_15' title="bbox 240 1209 1698 1253; baseline 0.002 -13"><span class='ocrx_word' id='word_1_107' title='bbox 240 1209 393 1240; x_wconf 84' lang='lat'>490-493</span> <span class='ocrx_word' id='word_1_108' title='bbox 418 1209 564 1250; x_wconf 81' lang='lat' dir='ltr'>Aquarii</span> <span class='ocrx_word' id='word_1_109' title='bbox 583 1213 700 1251; x_wconf 87' lang='lat' dir='ltr'>partes</span> <span class='ocrx_word' id='word_1_110' title='bbox 724 1219 765 1241; x_wconf 80' lang='lat' dir='ltr'>XI</span> <span class='ocrx_word' id='word_1_111' title='bbox 779 1219 851 1242; x_wconf 81' lang='lat' dir='ltr'>xm</span> <span class='ocrx_word' id='word_1_112' title='bbox 865 1219 914 1241; x_wconf 78' lang='lat' dir='ltr'>xv</span> <span class='ocrx_word' id='word_1_113' title='bbox 929 1220 994 1241; x_wconf 78' lang='lat' dir='ltr'>XIX</span> <span class='ocrx_word' id='word_1_114' title='bbox 1010 1220 1074 1242; x_wconf 74' lang='lat' dir='ltr'>XXI</span> <span class='ocrx_word' id='word_1_115' title='bbox 1090 1219 1164 1241; x_wconf 70' lang='lat' dir='ltr'>xxv</span> <span class='ocrx_word' id='word_1_116' title='bbox 1179 1220 1281 1248; x_wconf 79' lang='lat' dir='ltr'>XXIX,</span> <span class='ocrx_word' id='word_1_117' title='bbox 1299 1211 1426 1251; x_wconf 90' lang='lat' dir='ltr'>quibus</span> <span class='ocrx_word' id='word_1_118' title='bbox 1451 1222 1522 1243; x_wconf 87' lang='lat' dir='ltr'>una</span> <span class='ocrx_word' id='word_1_119' title='bbox 1538 1212 1698 1253; x_wconf 87' lang='lat' dir='ltr'>pluresue</span> 
     </span>
     <span class='ocr_line' id='line_1_16' title="bbox 150 1261 1698 1302; baseline 0.002 -10"><span class='ocrx_word' id='word_1_120' title='bbox 150 1261 360 1302; x_wconf 79' lang='lat' dir='ltr'>praemissae</span> <span class='ocrx_word' id='word_1_121' title='bbox 383 1264 484 1293; x_wconf 83' lang='lat' dir='ltr'>erant</span> <span class='ocrx_word' id='word_1_122' title='bbox 573 1261 638 1292; x_wconf 84' lang='lat'>490</span> <span class='ocrx_word' id='word_1_123' title='bbox 661 1265 848 1294; x_wconf 79' lang='lat' dir='ltr'>succedens</span> <span class='ocrx_word' id='word_1_124' title='bbox 870 1261 946 1293; x_wconf 87' lang='lat' dir='ltr'>cod.</span> <span class='ocrx_word' id='word_1_125' title='bbox 972 1262 1140 1299; x_wconf 88' lang='lat' dir='ltr'>Cusanus,</span> <span class='ocrx_word' id='word_1_126' title='bbox 1167 1267 1379 1295; x_wconf 84' lang='lat' dir='ltr'>succendens</span> <span class='ocrx_word' id='word_1_127' title='bbox 1402 1266 1485 1295; x_wconf 87' lang='lat' dir='ltr'>GLM</span> <span class='ocrx_word' id='word_1_128' title='bbox 1575 1263 1638 1294; x_wconf 86' lang='lat'>491</span> <span class='ocrx_word' id='word_1_129' title='bbox 1662 1268 1698 1295; x_wconf 85' lang='lat' dir='ltr'>et</span> 
     </span>
     <span class='ocr_line' id='line_1_17' title="bbox 150 1311 1699 1355; baseline 0.002 -12"><span class='ocrx_word' id='word_1_130' title='bbox 150 1312 323 1353; x_wconf 88' lang='lat' dir='ltr'>posterius</span> <span class='ocrx_word' id='word_1_131' title='bbox 346 1311 508 1353; x_wconf 84' lang='lat' dir='ltr'>Scaliger,</span> <span class='ocrx_word' id='word_1_132' title='bbox 526 1316 581 1344; x_wconf 89' lang='lat' dir='ltr'>est</span> <span class='ocrx_word' id='word_1_133' title='bbox 602 1311 681 1343; x_wconf 88' lang='lat' dir='ltr'>libri</span> <span class='ocrx_word' id='word_1_134' title='bbox 771 1322 862 1345; x_wconf 88' lang='lat' dir='ltr'>nono</span> <span class='ocrx_word' id='word_1_135' title='bbox 884 1317 939 1345; x_wconf 84' lang='lat' dir='ltr'>est</span> <span class='ocrx_word' id='word_1_136' title='bbox 960 1312 1121 1355; x_wconf 83' lang='lat' dir='ltr'>Scaliger,</span> <span class='ocrx_word' id='word_1_137' title='bbox 1147 1323 1217 1345; x_wconf 88' lang='lat' dir='ltr'>non</span> <span class='ocrx_word' id='word_1_138' title='bbox 1239 1318 1294 1346; x_wconf 89' lang='lat' dir='ltr'>est</span> <span class='ocrx_word' id='word_1_139' title='bbox 1315 1318 1375 1351; x_wconf 86' lang='lat' dir='ltr'>GL,</span> <span class='ocrx_word' id='word_1_140' title='bbox 1393 1324 1476 1347; x_wconf 88' lang='lat' dir='ltr'>uere</span> <span class='ocrx_word' id='word_1_141' title='bbox 1498 1318 1531 1346; x_wconf 87' lang='lat' dir='ltr'><strong>M</strong></span> <span class='ocrx_word' id='word_1_142' title='bbox 1557 1316 1614 1355; x_wconf 75' lang='grc' dir='ltr'>(ᾶὲ</span> <span class='ocrx_word' id='word_1_143' title='bbox 1636 1325 1699 1355; x_wconf 88' lang='lat' dir='ltr'>pro</span> 
     </span>
     <span class='ocr_line' id='line_1_18' title="bbox 150 1362 1699 1407; baseline 0.001 -11"><span class='ocrx_word' id='word_1_144' title='bbox 150 1365 175 1397; x_wconf 70' lang='grc' dir='ltr'><strong><em>ᾖ</em></strong></span> <span class='ocrx_word' id='word_1_145' title='bbox 189 1365 229 1403; x_wconf 76' lang='grc' dir='ltr'>ἓ).</span> <span class='ocrx_word' id='word_1_146' title='bbox 278 1363 421 1404; x_wconf 87' lang='lat' dir='ltr'>propius</span> <span class='ocrx_word' id='word_1_147' title='bbox 438 1364 546 1394; x_wconf 84' lang='lat' dir='ltr'>etiam</span> <span class='ocrx_word' id='word_1_148' title='bbox 564 1373 584 1393; x_wconf 82' lang='lat' dir='ltr'>a</span> <span class='ocrx_word' id='word_1_149' title='bbox 601 1363 698 1394; x_wconf 80' lang='lat' dir='ltr'>fibris</span> <span class='ocrx_word' id='word_1_150' title='bbox 715 1362 825 1395; x_wconf 83' lang='lat' dir='ltr'>distat</span> <span class='ocrx_word' id='word_1_151' title='bbox 843 1363 938 1404; x_wconf 92' lang='lat' dir='ltr'>quod</span> <span class='ocrx_word' id='word_1_152' title='bbox 952 1364 1128 1395; x_wconf 85' lang='lat' dir='ltr'>Breiterus</span> <span class='ocrx_word' id='word_1_153' title='bbox 1143 1364 1256 1396; x_wconf 87' lang='lat' dir='ltr'>Fleck.</span> <span class='ocrx_word' id='word_1_154' title='bbox 1277 1365 1392 1396; x_wconf 85' lang='lat' dir='ltr'>annal.</span> <span class='ocrx_word' id='word_1_155' title='bbox 1407 1365 1475 1396; x_wconf 88' lang='lat' dir='ltr'>uol.</span> <span class='ocrx_word' id='word_1_156' title='bbox 1499 1366 1560 1397; x_wconf 88' lang='lat'>147</span> <span class='ocrx_word' id='word_1_157' title='bbox 1579 1376 1612 1407; x_wconf 92' lang='lat' dir='ltr'>p.</span> <span class='ocrx_word' id='word_1_158' title='bbox 1633 1366 1699 1396; x_wconf 84' lang='lat'>422</span> 
     </span>
     <span class='ocr_line' id='line_1_19' title="bbox 150 1414 1699 1457; baseline 0.002 -12"><span class='ocrx_word' id='word_1_159' title='bbox 150 1415 334 1457; x_wconf 85' lang='lat' dir='ltr'>proposuit</span> <span class='ocrx_word' id='word_1_160' title='bbox 359 1414 599 1455; x_wconf 86' lang='lat' dir='ltr'>Bechertoque</span> <span class='ocrx_word' id='word_1_161' title='bbox 624 1414 813 1456; x_wconf 84' lang='lat' dir='ltr'>probatum</span> <span class='ocrx_word' id='word_1_162' title='bbox 838 1418 961 1457; x_wconf 88' lang='lat' dir='ltr'>postea</span> <span class='ocrx_word' id='word_1_163' title='bbox 985 1415 1113 1446; x_wconf 85' lang='lat' dir='ltr'>abiecit</span> <span class='ocrx_word' id='word_1_164' title='bbox 1137 1425 1228 1447; x_wconf 76' lang='lat' dir='ltr'>nona</span> <span class='ocrx_word' id='word_1_165' title='bbox 1252 1418 1298 1447; x_wconf 77' lang='lat' dir='ltr'>est</span> <span class='ocrx_word' id='word_1_166' title='bbox 1322 1417 1490 1457; x_wconf 75' lang='lat' dir='ltr'>(nonest);</span> <span class='ocrx_word' id='word_1_167' title='bbox 1528 1417 1589 1449; x_wconf 87' lang='lat' dir='ltr'>sed</span> <span class='ocrx_word' id='word_1_168' title='bbox 1612 1416 1699 1448; x_wconf 88' lang='lat' dir='ltr'>illud</span> 
     </span>
     <span class='ocr_line' id='line_1_20' title="bbox 151 1465 1701 1506; baseline 0.001 -8"><span class='ocrx_word' id='word_1_169' title='bbox 151 1465 336 1498; x_wconf 78' lang='lat' dir='ltr'>confirmat</span> <span class='ocrx_word' id='word_1_170' title='bbox 351 1466 416 1497; x_wconf 87' lang='lat'>480</span> <span class='ocrx_word' id='word_1_171' title='bbox 430 1468 609 1506; x_wconf 79' lang='lat' dir='ltr'>octauoque</span> <span class='ocrx_word' id='word_1_172' title='bbox 625 1469 736 1497; x_wconf 78' lang='lat' dir='ltr'>manet</span> <span class='ocrx_word' id='word_1_173' title='bbox 753 1475 891 1497; x_wconf 81' lang='lat' dir='ltr'>numero</span> <span class='ocrx_word' id='word_1_174' title='bbox 980 1467 1044 1497; x_wconf 83' lang='lat'>492</span> <span class='ocrx_word' id='word_1_175' title='bbox 1060 1470 1187 1505; x_wconf 83' lang='lat' dir='ltr'>quinta</span> <span class='ocrx_word' id='word_1_176' title='bbox 1201 1470 1261 1504; x_wconf 85' lang='lat' dir='ltr'>GL,</span> <span class='ocrx_word' id='word_1_177' title='bbox 1275 1476 1368 1500; x_wconf 85' lang='lat' dir='ltr'>noua</span> <span class='ocrx_word' id='word_1_178' title='bbox 1382 1472 1415 1499; x_wconf 89' lang='lat' dir='ltr'>M</span> <span class='ocrx_word' id='word_1_179' title='bbox 1430 1467 1571 1500; x_wconf 87' lang='lat' dir='ltr'>librario</span> <span class='ocrx_word' id='word_1_180' title='bbox 1586 1468 1631 1500; x_wconf 93' lang='lat' dir='ltr'>ob</span> <span class='ocrx_word' id='word_1_181' title='bbox 1647 1468 1701 1499; x_wconf 85' lang='lat' dir='ltr'>bis</span> 
     </span>
     <span class='ocr_line' id='line_1_21' title="bbox 151 1516 1700 1560; baseline 0.001 -10"><span class='ocrx_word' id='word_1_182' title='bbox 151 1519 306 1560; x_wconf 87' lang='lat' dir='ltr'>positum</span> <span class='ocrx_word' id='word_1_183' title='bbox 323 1516 486 1548; x_wconf 74' lang='lat' dir='ltr'>uicesima</span> <span class='ocrx_word' id='word_1_184' title='bbox 503 1516 548 1548; x_wconf 89' lang='lat' dir='ltr'>ad</span> <span class='ocrx_word' id='word_1_185' title='bbox 564 1517 806 1558; x_wconf 76' lang='lat' dir='ltr'>insequentem</span> <span class='ocrx_word' id='word_1_186' title='bbox 824 1528 962 1549; x_wconf 87' lang='lat' dir='ltr'>uersum</span> <span class='ocrx_word' id='word_1_187' title='bbox 980 1517 1134 1559; x_wconf 88' lang='lat' dir='ltr'>delapso,</span> <span class='ocrx_word' id='word_1_188' title='bbox 1153 1521 1193 1549; x_wconf 90' lang='lat' dir='ltr'>ut</span> <span class='ocrx_word' id='word_1_189' title='bbox 1210 1518 1294 1550; x_wconf 87' lang='lat' dir='ltr'>haec</span> <span class='ocrx_word' id='word_1_190' title='bbox 1312 1520 1464 1560; x_wconf 82' lang='lat' dir='ltr'>excipiat</span> <span class='ocrx_word' id='word_1_191' title='bbox 1480 1519 1555 1557; x_wconf 84' lang='lat'>494,</span> <span class='ocrx_word' id='word_1_192' title='bbox 1574 1519 1700 1551; x_wconf 86' lang='lat' dir='ltr'>deinde</span> 
     </span>
     <span class='ocr_line' id='line_1_22' title="bbox 151 1568 1592 1610; baseline 0.001 -9"><span class='ocrx_word' id='word_1_193' title='bbox 151 1570 215 1601; x_wconf 86' lang='lat'>493</span> <span class='ocrx_word' id='word_1_194' title='bbox 241 1569 444 1606; x_wconf 77' lang='lat' dir='ltr'>subiciatur,</span> <span class='ocrx_word' id='word_1_195' title='bbox 471 1569 532 1609; x_wconf 92' lang='lat' dir='ltr'>qui</span> <span class='ocrx_word' id='word_1_196' title='bbox 557 1568 642 1600; x_wconf 88' lang='lat' dir='ltr'>ordo</span> <span class='ocrx_word' id='word_1_197' title='bbox 675 1572 798 1610; x_wconf 83' lang='lat' dir='ltr'>postea</span> <span class='ocrx_word' id='word_1_198' title='bbox 828 1569 997 1610; x_wconf 82' lang='lat' dir='ltr'>appositis</span> <span class='ocrx_word' id='word_1_199' title='bbox 1026 1569 1044 1600; x_wconf 90' lang='lat' dir='ltr'><strong><em>b</em></strong></span> <span class='ocrx_word' id='word_1_200' title='bbox 1073 1572 1109 1600; x_wconf 90' lang='lat' dir='ltr'>et</span> <span class='ocrx_word' id='word_1_201' title='bbox 1138 1580 1159 1600; x_wconf 89' lang='grc' dir='ltr'><em>α</em></span> <span class='ocrx_word' id='word_1_202' title='bbox 1188 1570 1313 1601; x_wconf 77' lang='lat' dir='ltr'>fitteris</span> <span class='ocrx_word' id='word_1_203' title='bbox 1338 1574 1513 1602; x_wconf 89' lang='lat' dir='ltr'>correctus</span> <span class='ocrx_word' id='word_1_204' title='bbox 1538 1575 1592 1603; x_wconf 84' lang='lat' dir='ltr'>est</span> 
     </span>
     <span class='ocr_line' id='line_1_23' title="bbox 196 1619 1700 1663; baseline 0.001 -11"><span class='ocrx_word' id='word_1_205' title='bbox 196 1621 260 1652; x_wconf 81' lang='lat'>493</span> <span class='ocrx_word' id='word_1_206' title='bbox 279 1630 346 1658; x_wconf 88' lang='lat' dir='ltr'>que</span> <span class='ocrx_word' id='word_1_207' title='bbox 364 1620 439 1658; x_wconf 78' lang='lat' dir='ltr'>GL2,</span> <span class='ocrx_word' id='word_1_208' title='bbox 459 1630 524 1652; x_wconf 57' lang='lat' dir='ltr'>om.</span> <span class='ocrx_word' id='word_1_209' title='bbox 547 1623 604 1651; x_wconf 91' lang='lat' dir='ltr'>LM</span> <span class='ocrx_word' id='word_1_210' title='bbox 695 1624 921 1652; x_wconf 80' lang='lat' dir='ltr'>accumulans</span> <span class='ocrx_word' id='word_1_211' title='bbox 944 1619 1019 1651; x_wconf 88' lang='lat' dir='ltr'>cod.</span> <span class='ocrx_word' id='word_1_212' title='bbox 1036 1620 1190 1652; x_wconf 88' lang='lat' dir='ltr'>Venetus</span> <span class='ocrx_word' id='word_1_213' title='bbox 1211 1622 1301 1653; x_wconf 86' lang='lat' dir='ltr'>sicut</span> <span class='ocrx_word' id='word_1_214' title='bbox 1324 1623 1519 1654; x_wconf 87' lang='lat' dir='ltr'>coniecerat</span> <span class='ocrx_word' id='word_1_215' title='bbox 1537 1622 1700 1663; x_wconf 86' lang='lat' dir='ltr'>Scaliger,</span> 
     </span>
     <span class='ocr_line' id='line_1_24' title="bbox 153 1673 1700 1709; baseline 0 -4"><span class='ocrx_word' id='word_1_216' title='bbox 153 1676 379 1705; x_wconf 83' lang='lat' dir='ltr'>accumulant</span> <span class='ocrx_word' id='word_1_217' title='bbox 420 1676 480 1708; x_wconf 85' lang='lat' dir='ltr'>GL,</span> <span class='ocrx_word' id='word_1_218' title='bbox 516 1675 718 1703; x_wconf 85' lang='lat' dir='ltr'>accumulat</span> <span class='ocrx_word' id='word_1_219' title='bbox 759 1675 792 1703; x_wconf 88' lang='lat' dir='ltr'>M</span> <span class='ocrx_word' id='word_1_220' title='bbox 882 1682 976 1704; x_wconf 87' lang='lat' dir='ltr'>nona</span> <span class='ocrx_word' id='word_1_221' title='bbox 1011 1676 1071 1709; x_wconf 86' lang='lat' dir='ltr'>GL,</span> <span class='ocrx_word' id='word_1_222' title='bbox 1108 1682 1201 1704; x_wconf 88' lang='lat' dir='ltr'>noua</span> <span class='ocrx_word' id='word_1_223' title='bbox 1237 1676 1271 1704; x_wconf 88' lang='grc' dir='ltr'><strong>Μ</strong></span> <span class='ocrx_word' id='word_1_224' title='bbox 1360 1673 1506 1705; x_wconf 80' lang='lat'>494-497</span> <span class='ocrx_word' id='word_1_225' title='bbox 1548 1673 1700 1705; x_wconf 85' lang='lat' dir='ltr'>Piscium</span> 
     </span>
     <span class='ocr_line' id='line_1_25' title="bbox 152 1723 1703 1766; baseline 0.001 -11"><span class='ocrx_word' id='word_1_226' title='bbox 152 1728 271 1766; x_wconf 87' lang='lat' dir='ltr'>partes</span> <span class='ocrx_word' id='word_1_227' title='bbox 292 1733 335 1754; x_wconf 90' lang='lat'>111</span> <span class='ocrx_word' id='word_1_228' title='bbox 356 1732 378 1754; x_wconf 92' lang='lat' dir='ltr'>v</span> <span class='ocrx_word' id='word_1_229' title='bbox 399 1732 452 1754; x_wconf 83' lang='lat' dir='ltr'>vn</span> <span class='ocrx_word' id='word_1_230' title='bbox 470 1732 510 1754; x_wconf 74' lang='lat' dir='ltr'>xx</span> <span class='ocrx_word' id='word_1_231' title='bbox 528 1731 608 1754; x_wconf 85' lang='lat' dir='ltr'>xv11</span> <span class='ocrx_word' id='word_1_232' title='bbox 626 1731 701 1754; x_wconf 79' lang='lat' dir='ltr'>xxv</span> <span class='ocrx_word' id='word_1_233' title='bbox 719 1731 825 1754; x_wconf 70' lang='lat' dir='ltr'>xxvn</span> <span class='ocrx_word' id='word_1_234' title='bbox 914 1723 978 1754; x_wconf 89' lang='grc'>496</span> <span class='ocrx_word' id='word_1_235' title='bbox 998 1723 1036 1754; x_wconf 75' lang='lat' dir='ltr'>in</span> <span class='ocrx_word' id='word_1_236' title='bbox 1056 1723 1177 1764; x_wconf 70' lang='lat' dir='ltr'>quinos</span> <span class='ocrx_word' id='word_1_237' title='bbox 1196 1733 1351 1756; x_wconf 76' lang='lat' dir='ltr'>numeros</span> <span class='ocrx_word' id='word_1_238' title='bbox 1371 1727 1535 1763; x_wconf 76' lang='lat' dir='ltr'>reuocata,</span> <span class='ocrx_word' id='word_1_239' title='bbox 1556 1725 1636 1757; x_wconf 87' lang='lat' dir='ltr'>uide</span> <span class='ocrx_word' id='word_1_240' title='bbox 1657 1733 1703 1756; x_wconf 90' lang='lat'>111</span> 
     </span>
     <span class='ocr_line' id='line_1_26' title="bbox 152 1773 1703 1817; baseline 0.001 -10"><span class='ocrx_word' id='word_1_241' title='bbox 152 1777 218 1807; x_wconf 86' lang='lat'>486</span> <span class='ocrx_word' id='word_1_242' title='bbox 238 1775 356 1816; x_wconf 87' lang='lat' dir='ltr'>ibique</span> <span class='ocrx_word' id='word_1_243' title='bbox 381 1774 563 1811; x_wconf 82' lang='lat' dir='ltr'>adnotata,</span> <span class='ocrx_word' id='word_1_244' title='bbox 584 1774 711 1815; x_wconf 88' lang='lat' dir='ltr'>quibus</span> <span class='ocrx_word' id='word_1_245' title='bbox 735 1774 825 1806; x_wconf 86' lang='lat' dir='ltr'>adde</span> <span class='ocrx_word' id='word_1_246' title='bbox 851 1773 981 1806; x_wconf 88' lang='lat' dir='ltr'>Auson.</span> <span class='ocrx_word' id='word_1_247' title='bbox 1006 1775 1071 1807; x_wconf 88' lang='lat'>396</span> <span class='ocrx_word' id='word_1_248' title='bbox 1097 1776 1138 1807; x_wconf 89' lang='grc'>23</span> <span class='ocrx_word' id='word_1_249' title='bbox 1160 1775 1269 1817; x_wconf 90' lang='lat' dir='ltr'>(Peip.</span> <span class='ocrx_word' id='word_1_250' title='bbox 1292 1786 1325 1817; x_wconf 87' lang='lat' dir='ltr'>p.</span> <span class='ocrx_word' id='word_1_251' title='bbox 1348 1777 1427 1815; x_wconf 87' lang='grc'><strong>251)</strong></span> <span class='ocrx_word' id='word_1_252' title='bbox 1448 1777 1486 1808; x_wconf 83' lang='lat' dir='ltr'>in</span> <span class='ocrx_word' id='word_1_253' title='bbox 1510 1786 1544 1808; x_wconf 77' lang='lat' dir='ltr'>se</span> <span class='ocrx_word' id='word_1_254' title='bbox 1563 1780 1703 1808; x_wconf 75' lang='lat' dir='ltr'>retortas</span> 
     </span>
     <span class='ocr_line' id='line_1_27' title="bbox 153 1825 1704 1865; baseline 0.001 -6"><span class='ocrx_word' id='word_1_255' title='bbox 153 1852 160 1859; x_wconf 92' lang='lat'>.</span> <span class='ocrx_word' id='word_1_256' title='bbox 180 1851 188 1859; x_wconf 86' lang='lat'>.</span> <span class='ocrx_word' id='word_1_257' title='bbox 208 1851 215 1858; x_wconf 93' lang='lat'>.</span> <span class='ocrx_word' id='word_1_258' title='bbox 234 1826 422 1858; x_wconf 68' lang='lat' dir='ltr'>summulas</span> <span class='ocrx_word' id='word_1_259' title='bbox 511 1826 575 1857; x_wconf 88' lang='grc'>498</span> <span class='ocrx_word' id='word_1_260' title='bbox 595 1829 726 1865; x_wconf 80' lang='lat' dir='ltr'>frigore</span> <span class='ocrx_word' id='word_1_261' title='bbox 747 1831 783 1858; x_wconf 81' lang='lat' dir='ltr'>et</span> <span class='ocrx_word' id='word_1_262' title='bbox 801 1825 876 1863; x_wconf 53' lang='grc' dir='ltr'>(ΗΡ,</span> <span class='ocrx_word' id='word_1_263' title='bbox 890 1829 1021 1865; x_wconf 84' lang='lat' dir='ltr'>frigore</span> <span class='ocrx_word' id='word_1_264' title='bbox 1041 1830 1075 1863; x_wconf 94' lang='lat' dir='ltr'>L,</span> <span class='ocrx_word' id='word_1_265' title='bbox 1096 1830 1218 1864; x_wconf 87' lang='lat' dir='ltr'>frigori</span> <span class='ocrx_word' id='word_1_266' title='bbox 1238 1832 1274 1859; x_wconf 88' lang='lat' dir='ltr'>et</span> <span class='ocrx_word' id='word_1_267' title='bbox 1293 1832 1338 1865; x_wconf 87' lang='lat' dir='ltr'>M,</span> <span class='ocrx_word' id='word_1_268' title='bbox 1359 1828 1485 1859; x_wconf 85' lang='lat' dir='ltr'>ultima</span> <span class='ocrx_word' id='word_1_269' title='bbox 1504 1829 1573 1860; x_wconf 88' lang='lat' dir='ltr'>tria</span> <span class='ocrx_word' id='word_1_270' title='bbox 1592 1828 1704 1860; x_wconf 82' lang='lat' dir='ltr'>uerba</span> 
     </span>
     <span class='ocr_line' id='line_1_28' title="bbox 153 1877 1700 1916; baseline 0.001 -6"><span class='ocrx_word' id='word_1_271' title='bbox 153 1889 221 1910; x_wconf 91' lang='lat' dir='ltr'>om.</span> <span class='ocrx_word' id='word_1_272' title='bbox 244 1877 319 1909; x_wconf 90' lang='lat' dir='ltr'>cod.</span> <span class='ocrx_word' id='word_1_273' title='bbox 339 1877 493 1909; x_wconf 85' lang='lat' dir='ltr'>Venetus</span> <span class='ocrx_word' id='word_1_274' title='bbox 584 1877 719 1914; x_wconf 80' lang='lat' dir='ltr'>ducunt,</span> <span class='ocrx_word' id='word_1_275' title='bbox 742 1878 948 1916; x_wconf 89' lang='lat' dir='ltr'>sortiuntur,</span> <span class='ocrx_word' id='word_1_276' title='bbox 966 1880 1006 1909; x_wconf 91' lang='lat' dir='ltr'>ut</span> <span class='ocrx_word' id='word_1_277' title='bbox 1022 1886 1051 1909; x_wconf 90' lang='grc' dir='ltr'>Π</span> <span class='ocrx_word' id='word_1_278' title='bbox 1069 1878 1144 1915; x_wconf 90' lang='grc'><strong>717,</strong></span> <span class='ocrx_word' id='word_1_279' title='bbox 1163 1879 1238 1915; x_wconf 88' lang='grc'><strong>731,</strong></span> <span class='ocrx_word' id='word_1_280' title='bbox 1257 1887 1301 1910; x_wconf 88' lang='lat'>111</span> <span class='ocrx_word' id='word_1_281' title='bbox 1317 1879 1358 1910; x_wconf 87' lang='lat'>27</span> <span class='ocrx_word' id='word_1_282' title='bbox 1363 1880 1394 1916; x_wconf 75' lang='lat'>9,</span> <span class='ocrx_word' id='word_1_283' title='bbox 1415 1880 1481 1911; x_wconf 84' lang='lat'>409</span> <span class='ocrx_word' id='word_1_284' title='bbox 1571 1880 1635 1910; x_wconf 81' lang='lat'>499</span> <span class='ocrx_word' id='word_1_285' title='bbox 1657 1879 1700 1911; x_wconf 92' lang='lat' dir='ltr'>de</span> 
     </span>
     <span class='ocr_line' id='line_1_29' title="bbox 153 1929 1696 1972; baseline 0.001 -11"><span class='ocrx_word' id='word_1_286' title='bbox 153 1940 227 1962; x_wconf 77' lang='lat' dir='ltr'>aere</span> <span class='ocrx_word' id='word_1_287' title='bbox 241 1929 321 1961; x_wconf 91' lang='lat' dir='ltr'>uide</span> <span class='ocrx_word' id='word_1_288' title='bbox 336 1939 425 1970; x_wconf 86' lang='lat' dir='ltr'>quae</span> <span class='ocrx_word' id='word_1_289' title='bbox 441 1929 486 1960; x_wconf 87' lang='lat' dir='ltr'>ad</span> <span class='ocrx_word' id='word_1_290' title='bbox 501 1930 566 1960; x_wconf 89' lang='grc'>466</span> <span class='ocrx_word' id='word_1_291' title='bbox 581 1932 618 1960; x_wconf 89' lang='lat' dir='ltr'>et</span> <span class='ocrx_word' id='word_1_292' title='bbox 632 1930 696 1960; x_wconf 90' lang='lat'>483</span> <span class='ocrx_word' id='word_1_293' title='bbox 713 1929 882 1960; x_wconf 85' lang='lat' dir='ltr'>adnotaui</span> <span class='ocrx_word' id='word_1_294' title='bbox 973 1930 1036 1960; x_wconf 89' lang='grc'>500</span> <span class='ocrx_word' id='word_1_295' title='bbox 1051 1930 1112 1961; x_wconf 87' lang='grc'>501</span> <span class='ocrx_word' id='word_1_296' title='bbox 1131 1929 1139 1942; x_wconf 87' lang='lat'>‘</span> <span class='ocrx_word' id='word_1_297' title='bbox 1153 1930 1202 1961; x_wconf 91' lang='lat' dir='ltr'>illi</span> <span class='ocrx_word' id='word_1_298' title='bbox 1217 1930 1286 1961; x_wconf 93' lang='lat' dir='ltr'>duo</span> <span class='ocrx_word' id='word_1_299' title='bbox 1302 1930 1344 1961; x_wconf 90' lang='lat' dir='ltr'>de</span> <span class='ocrx_word' id='word_1_300' title='bbox 1359 1930 1510 1972; x_wconf 87' lang='lat' dir='ltr'>planetis</span> <span class='ocrx_word' id='word_1_301' title='bbox 1524 1931 1696 1969; x_wconf 90' lang='lat' dir='ltr'>uersiculi,</span> 
     </span>
     <span class='ocr_line' id='line_1_30' title="bbox 153 1981 1699 2023; baseline 0.001 -9"><span class='ocrx_word' id='word_1_302' title='bbox 153 1985 194 2014; x_wconf 89' lang='lat' dir='ltr'>ut</span> <span class='ocrx_word' id='word_1_303' title='bbox 215 1983 363 2023; x_wconf 86' lang='lat' dir='ltr'>ingenue</span> <span class='ocrx_word' id='word_1_304' title='bbox 384 1981 518 2022; x_wconf 89' lang='lat' dir='ltr'>loquar,</span> <span class='ocrx_word' id='word_1_305' title='bbox 542 1991 612 2012; x_wconf 90' lang='lat' dir='ltr'>non</span> <span class='ocrx_word' id='word_1_306' title='bbox 637 1984 721 2012; x_wconf 89' lang='lat' dir='ltr'>sunt</span> <span class='ocrx_word' id='word_1_307' title='bbox 743 1981 899 2012; x_wconf 87' lang='lat' dir='ltr'>Manilii&#39;</span> <span class='ocrx_word' id='word_1_308' title='bbox 927 1981 1088 2022; x_wconf 86' lang='lat' dir='ltr'>Scaliger,</span> <span class='ocrx_word' id='word_1_309' title='bbox 1111 1982 1171 2023; x_wconf 91' lang='lat' dir='ltr'>qui</span> <span class='ocrx_word' id='word_1_310' title='bbox 1196 1983 1269 2013; x_wconf 90' lang='lat' dir='ltr'>iure</span> <span class='ocrx_word' id='word_1_311' title='bbox 1294 1983 1442 2014; x_wconf 90' lang='lat' dir='ltr'>miratur</span> <span class='ocrx_word' id='word_1_312' title='bbox 1467 1983 1532 2014; x_wconf 89' lang='lat' dir='ltr'>hoc</span> <span class='ocrx_word' id='word_1_313' title='bbox 1557 1983 1699 2015; x_wconf 85' lang='lat' dir='ltr'>demum</span> 
     </span>
     <span class='ocr_line' id='line_1_31' title="bbox 152 2032 1701 2076; baseline 0.001 -11"><span class='ocrx_word' id='word_1_314' title='bbox 152 2034 227 2066; x_wconf 91' lang='lat' dir='ltr'>loco</span> <span class='ocrx_word' id='word_1_315' title='bbox 244 2032 424 2065; x_wconf 84' lang='lat' dir='ltr'>stellarum</span> <span class='ocrx_word' id='word_1_316' title='bbox 440 2033 653 2063; x_wconf 80' lang='lat' dir='ltr'>mentionem</span> <span class='ocrx_word' id='word_1_317' title='bbox 670 2042 710 2063; x_wconf 83' lang='lat' dir='ltr'>ac</span> <span class='ocrx_word' id='word_1_318' title='bbox 726 2043 797 2064; x_wconf 92' lang='lat' dir='ltr'>non</span> <span class='ocrx_word' id='word_1_319' title='bbox 813 2035 895 2064; x_wconf 83' lang='lat' dir='ltr'>ante</span> <span class='ocrx_word' id='word_1_320' title='bbox 911 2033 1104 2074; x_wconf 80' lang='lat' dir='ltr'>nonaginta</span> <span class='ocrx_word' id='word_1_321' title='bbox 1119 2043 1239 2064; x_wconf 89' lang='lat' dir='ltr'>uersus</span> <span class='ocrx_word' id='word_1_322' title='bbox 1254 2033 1387 2065; x_wconf 80' lang='lat' dir='ltr'>factam</span> <span class='ocrx_word' id='word_1_323' title='bbox 1403 2044 1487 2072; x_wconf 86' lang='lat' dir='ltr'>esse,</span> <span class='ocrx_word' id='word_1_324' title='bbox 1504 2034 1609 2076; x_wconf 89' lang='lat' dir='ltr'>idque</span> <span class='ocrx_word' id='word_1_325' title='bbox 1626 2038 1701 2066; x_wconf 87' lang='lat' dir='ltr'>tam</span> 
     </span>
     <span class='ocr_line' id='line_1_32' title="bbox 153 2083 1703 2128; baseline 0.001 -11"><span class='ocrx_word' id='word_1_326' title='bbox 153 2086 273 2127; x_wconf 83' lang='lat' dir='ltr'>paucis</span> <span class='ocrx_word' id='word_1_327' title='bbox 291 2084 406 2116; x_wconf 90' lang='lat' dir='ltr'>uerbis</span> <span class='ocrx_word' id='word_1_328' title='bbox 422 2096 430 2121; x_wconf 92' lang='lat'>;</span> <span class='ocrx_word' id='word_1_329' title='bbox 462 2083 508 2115; x_wconf 87' lang='lat' dir='ltr'>ad</span> <span class='ocrx_word' id='word_1_330' title='bbox 526 2094 615 2125; x_wconf 89' lang='lat' dir='ltr'>quae</span> <span class='ocrx_word' id='word_1_331' title='bbox 635 2084 813 2115; x_wconf 86' lang='lat' dir='ltr'>Bentleius</span> <span class='ocrx_word' id='word_1_332' title='bbox 831 2094 901 2115; x_wconf 92' lang='lat' dir='ltr'>non</span> <span class='ocrx_word' id='word_1_333' title='bbox 919 2084 1116 2125; x_wconf 72' lang='lat' dir='ltr'>respondet.</span> <span class='ocrx_word' id='word_1_334' title='bbox 1165 2085 1273 2116; x_wconf 88' lang='lat' dir='ltr'>uerba</span> <span class='ocrx_word' id='word_1_335' title='bbox 1291 2085 1432 2126; x_wconf 88' lang='lat' dir='ltr'>quidem</span> <span class='ocrx_word' id='word_1_336' title='bbox 1450 2086 1537 2127; x_wconf 87' lang='lat' dir='ltr'>ipsa,</span> <span class='ocrx_word' id='word_1_337' title='bbox 1557 2087 1583 2118; x_wconf 91' lang='lat' dir='ltr'>si</span> <span class='ocrx_word' id='word_1_338' title='bbox 1603 2096 1703 2128; x_wconf 87' lang='lat' dir='ltr'>aper-</span> 
     </span>
     <span class='ocr_line' id='line_1_33' title="bbox 154 2134 1702 2177; baseline 0.001 -9"><span class='ocrx_word' id='word_1_339' title='bbox 154 2140 231 2169; x_wconf 90' lang='lat' dir='ltr'>tum</span> <span class='ocrx_word' id='word_1_340' title='bbox 260 2146 292 2167; x_wconf 92' lang='lat' dir='ltr'>u.</span> <span class='ocrx_word' id='word_1_341' title='bbox 323 2136 386 2167; x_wconf 85' lang='lat'>501</span> <span class='ocrx_word' id='word_1_342' title='bbox 418 2134 584 2166; x_wconf 90' lang='lat' dir='ltr'>mendum</span> <span class='ocrx_word' id='word_1_343' title='bbox 612 2135 816 2177; x_wconf 81' lang='lat' dir='ltr'>excipimus,</span> <span class='ocrx_word' id='word_1_344' title='bbox 845 2135 987 2167; x_wconf 87' lang='lat' dir='ltr'>Manilio</span> <span class='ocrx_word' id='word_1_345' title='bbox 1016 2135 1118 2177; x_wconf 88' lang='lat' dir='ltr'>plane</span> <span class='ocrx_word' id='word_1_346' title='bbox 1146 2136 1371 2168; x_wconf 88' lang='lat' dir='ltr'>conueniunt.</span> <span class='ocrx_word' id='word_1_347' title='bbox 1419 2137 1480 2168; x_wconf 88' lang='lat' dir='ltr'>sed</span> <span class='ocrx_word' id='word_1_348' title='bbox 1509 2138 1582 2169; x_wconf 88' lang='lat' dir='ltr'>siue</span> <span class='ocrx_word' id='word_1_349' title='bbox 1610 2138 1702 2169; x_wconf 87' lang='lat' dir='ltr'>illius</span> 
     </span>
     <span class='ocr_line' id='line_1_34' title="bbox 153 2187 1702 2228; baseline 0.001 -8"><span class='ocrx_word' id='word_1_350' title='bbox 153 2189 226 2221; x_wconf 87' lang='lat' dir='ltr'>siue</span> <span class='ocrx_word' id='word_1_351' title='bbox 251 2187 394 2219; x_wconf 88' lang='lat' dir='ltr'>alterius</span> <span class='ocrx_word' id='word_1_352' title='bbox 417 2187 502 2218; x_wconf 84' lang='lat' dir='ltr'>haec</span> <span class='ocrx_word' id='word_1_353' title='bbox 526 2190 620 2224; x_wconf 85' lang='lat' dir='ltr'>sunt,</span> <span class='ocrx_word' id='word_1_354' title='bbox 645 2187 782 2224; x_wconf 86' lang='lat' dir='ltr'>lacuna,</span> <span class='ocrx_word' id='word_1_355' title='bbox 807 2197 914 2228; x_wconf 88' lang='lat' dir='ltr'>quam</span> <span class='ocrx_word' id='word_1_356' title='bbox 938 2187 1087 2228; x_wconf 81' lang='lat' dir='ltr'>expleui,</span> <span class='ocrx_word' id='word_1_357' title='bbox 1111 2187 1298 2225; x_wconf 88' lang='lat' dir='ltr'>laborant;</span> <span class='ocrx_word' id='word_1_358' title='bbox 1335 2198 1418 2219; x_wconf 89' lang='lat' dir='ltr'>nam</span> <span class='ocrx_word' id='word_1_359' title='bbox 1442 2189 1572 2221; x_wconf 89' lang='lat' dir='ltr'>umoris</span> <span class='ocrx_word' id='word_1_360' title='bbox 1595 2199 1702 2221; x_wconf 79' lang='lat' dir='ltr'>causa</span> 
     </span>
     <span class='ocr_line' id='line_1_35' title="bbox 153 2238 1702 2282; baseline 0.001 -11"><span class='ocrx_word' id='word_1_361' title='bbox 153 2249 266 2281; x_wconf 88' lang='lat' dir='ltr'>neque</span> <span class='ocrx_word' id='word_1_362' title='bbox 291 2239 335 2270; x_wconf 91' lang='lat' dir='ltr'>ab</span> <span class='ocrx_word' id='word_1_363' title='bbox 360 2238 431 2269; x_wconf 79' lang='lat' dir='ltr'>ulla</span> <span class='ocrx_word' id='word_1_364' title='bbox 455 2238 555 2270; x_wconf 87' lang='lat' dir='ltr'>stella</span> <span class='ocrx_word' id='word_1_365' title='bbox 579 2239 750 2279; x_wconf 89' lang='lat' dir='ltr'>repetitur</span> <span class='ocrx_word' id='word_1_366' title='bbox 773 2248 886 2279; x_wconf 89' lang='lat' dir='ltr'>neque</span> <span class='ocrx_word' id='word_1_367' title='bbox 910 2238 955 2270; x_wconf 81' lang='lat' dir='ltr'>ab</span> <span class='ocrx_word' id='word_1_368' title='bbox 979 2239 1027 2270; x_wconf 86' lang='lat' dir='ltr'>eis</span> <span class='ocrx_word' id='word_1_369' title='bbox 1052 2249 1141 2280; x_wconf 87' lang='lat' dir='ltr'>quae</span> <span class='ocrx_word' id='word_1_370' title='bbox 1166 2242 1460 2271; x_wconf 81' lang='lat' dir='ltr'>commemoratae</span> <span class='ocrx_word' id='word_1_371' title='bbox 1483 2243 1566 2272; x_wconf 90' lang='lat' dir='ltr'>sunt</span> <span class='ocrx_word' id='word_1_372' title='bbox 1590 2241 1702 2282; x_wconf 84' lang='lat' dir='ltr'>repeti</span> 
     </span>
     <span class='ocr_line' id='line_1_36' title="bbox 154 2289 1701 2333; baseline 0.001 -10"><span class='ocrx_word' id='word_1_373' title='bbox 154 2294 283 2333; x_wconf 89' lang='lat' dir='ltr'>potest,</span> <span class='ocrx_word' id='word_1_374' title='bbox 305 2289 477 2331; x_wconf 89' lang='lat' dir='ltr'>siquidem</span> <span class='ocrx_word' id='word_1_375' title='bbox 497 2293 534 2321; x_wconf 94' lang='lat' dir='ltr'>et</span> <span class='ocrx_word' id='word_1_376' title='bbox 554 2289 676 2321; x_wconf 85' lang='lat' dir='ltr'>Martis</span> <span class='ocrx_word' id='word_1_377' title='bbox 696 2293 732 2321; x_wconf 91' lang='lat' dir='ltr'>et</span> <span class='ocrx_word' id='word_1_378' title='bbox 753 2289 841 2322; x_wconf 86' lang='lat' dir='ltr'>Solis</span> <span class='ocrx_word' id='word_1_379' title='bbox 861 2290 993 2321; x_wconf 84' lang='lat' dir='ltr'>calidae</span> <span class='ocrx_word' id='word_1_380' title='bbox 1014 2293 1050 2321; x_wconf 91' lang='lat' dir='ltr'>et</span> <span class='ocrx_word' id='word_1_381' title='bbox 1070 2291 1181 2322; x_wconf 83' lang='lat' dir='ltr'>siccae</span> <span class='ocrx_word' id='word_1_382' title='bbox 1201 2290 1386 2328; x_wconf 75' lang='lat' dir='ltr'>habentur,</span> <span class='ocrx_word' id='word_1_383' title='bbox 1408 2292 1499 2322; x_wconf 88' lang='lat' dir='ltr'>sicca</span> <span class='ocrx_word' id='word_1_384' title='bbox 1518 2295 1555 2323; x_wconf 87' lang='lat' dir='ltr'>et</span> <span class='ocrx_word' id='word_1_385' title='bbox 1575 2291 1701 2333; x_wconf 78' lang='lat' dir='ltr'>frigida</span> 
     </span>
     <span class='ocr_line' id='line_1_37' title="bbox 155 2340 1698 2383; baseline 0.001 -9"><span class='ocrx_word' id='word_1_386' title='bbox 155 2342 308 2379; x_wconf 81' lang='lat' dir='ltr'>Saturni,</span> <span class='ocrx_word' id='word_1_387' title='bbox 333 2341 431 2372; x_wconf 87' lang='lat' dir='ltr'>uelut</span> <span class='ocrx_word' id='word_1_388' title='bbox 456 2340 620 2373; x_wconf 81' lang='lat' dir='ltr'>C.C.A.G.</span> <span class='ocrx_word' id='word_1_389' title='bbox 649 2350 702 2372; x_wconf 90' lang='lat' dir='ltr'>VII</span> <span class='ocrx_word' id='word_1_390' title='bbox 726 2351 759 2383; x_wconf 98' lang='grc' dir='ltr'>Ρ.</span> <span class='ocrx_word' id='word_1_391' title='bbox 786 2342 851 2373; x_wconf 89' lang='grc'>214</span> <span class='ocrx_word' id='word_1_392' title='bbox 879 2343 917 2373; x_wconf 94' lang='lat' dir='ltr'>ll</span> <span class='ocrx_word' id='word_1_393' title='bbox 944 2343 960 2373; x_wconf 90' lang='grc' dir='ltr'><strong><em>ὁ</em></strong></span> <span class='ocrx_word' id='word_1_394' title='bbox 978 2344 1102 2382; x_wconf 84' lang='grc' dir='ltr'>Κρόνοσ</span> <span class='ocrx_word' id='word_1_395' title='bbox 1120 2345 1251 2382; x_wconf 86' lang='grc' dir='ltr'>φύσεώσ·</span> <span class='ocrx_word' id='word_1_396' title='bbox 1272 2346 1340 2373; x_wconf 78' lang='grc' dir='ltr'>ἐστι</span> <span class='ocrx_word' id='word_1_397' title='bbox 1359 2345 1491 2383; x_wconf 82' lang='grc' dir='ltr'>ψυχρᾶσ</span> <span class='ocrx_word' id='word_1_398' title='bbox 1508 2346 1558 2374; x_wconf 82' lang='grc' dir='ltr'>καὶ</span> <span class='ocrx_word' id='word_1_399' title='bbox 1585 2346 1698 2383; x_wconf 77' lang='grc' dir='ltr'>ξηρᾶσ,</span> 
     </span>
     <span class='ocr_line' id='line_1_38' title="bbox 155 2392 1701 2435; baseline 0.001 -10"><span class='ocrx_word' id='word_1_400' title='bbox 155 2404 188 2435; x_wconf 91' lang='grc' dir='ltr'>Ρ.</span> <span class='ocrx_word' id='word_1_401' title='bbox 216 2394 279 2425; x_wconf 87' lang='grc'>217</span> <span class='ocrx_word' id='word_1_402' title='bbox 308 2394 348 2424; x_wconf 86' lang='grc'>14</span> <span class='ocrx_word' id='word_1_403' title='bbox 374 2394 390 2424; x_wconf 89' lang='grc' dir='ltr'><strong>ὁ</strong></span> <span class='ocrx_word' id='word_1_404' title='bbox 407 2392 510 2433; x_wconf 74' lang='grc' dir='ltr'>’Ἅρησ</span> <span class='ocrx_word' id='word_1_405' title='bbox 527 2416 536 2424; x_wconf 87' lang='grc'><strong>.</strong></span> <span class='ocrx_word' id='word_1_406' title='bbox 556 2416 563 2423; x_wconf 94' lang='grc'><strong>.</strong></span> <span class='ocrx_word' id='word_1_407' title='bbox 583 2416 592 2424; x_wconf 94' lang='grc'><strong>.</strong></span> <span class='ocrx_word' id='word_1_408' title='bbox 613 2394 778 2433; x_wconf 79' lang='grc' dir='ltr'>πυρώδουσ·</span> <span class='ocrx_word' id='word_1_409' title='bbox 802 2395 855 2424; x_wconf 80' lang='grc' dir='ltr'>καὶ</span> <span class='ocrx_word' id='word_1_410' title='bbox 879 2395 1065 2424; x_wconf 82' lang='grc' dir='ltr'>καυσώδουσ</span> <span class='ocrx_word' id='word_1_411' title='bbox 1095 2395 1148 2424; x_wconf 83' lang='grc' dir='ltr'>καὶ</span> <span class='ocrx_word' id='word_1_412' title='bbox 1179 2394 1404 2433; x_wconf 74' lang='grc' dir='ltr'>ξηραινούσησ,</span> <span class='ocrx_word' id='word_1_413' title='bbox 1439 2403 1472 2435; x_wconf 92' lang='grc' dir='ltr'>Ρ.</span> <span class='ocrx_word' id='word_1_414' title='bbox 1511 2394 1577 2426; x_wconf 87' lang='grc'>219</span> <span class='ocrx_word' id='word_1_415' title='bbox 1610 2395 1649 2425; x_wconf 88' lang='grc'>12</span> <span class='ocrx_word' id='word_1_416' title='bbox 1686 2396 1701 2426; x_wconf 90' lang='grc' dir='ltr'>ὀ</span> 
     </span>
     <span class='ocr_line' id='line_1_39' title="bbox 148 2443 1701 2485; baseline 0 -8"><span class='ocrx_word' id='word_1_417' title='bbox 148 2446 271 2477; x_wconf 80' lang='grc' dir='ltr'>”Ηλιοσ</span> <span class='ocrx_word' id='word_1_418' title='bbox 289 2468 297 2476; x_wconf 95' lang='grc'><strong>.</strong></span> <span class='ocrx_word' id='word_1_419' title='bbox 317 2468 325 2476; x_wconf 95' lang='grc'><strong>.</strong></span> <span class='ocrx_word' id='word_1_420' title='bbox 346 2468 353 2476; x_wconf 92' lang='grc'><strong>.</strong></span> <span class='ocrx_word' id='word_1_421' title='bbox 375 2446 495 2484; x_wconf 86' lang='grc' dir='ltr'>θερμῆσ</span> <span class='ocrx_word' id='word_1_422' title='bbox 512 2446 564 2475; x_wconf 85' lang='grc' dir='ltr'>καὶ</span> <span class='ocrx_word' id='word_1_423' title='bbox 580 2445 690 2484; x_wconf 80' lang='grc' dir='ltr'>ξηρᾶσ,</span> <span class='ocrx_word' id='word_1_424' title='bbox 708 2443 822 2485; x_wconf 81' lang='lat' dir='ltr'>Heph.</span> <span class='ocrx_word' id='word_1_425' title='bbox 841 2443 949 2475; x_wconf 83' lang='lat' dir='ltr'>Theb.</span> <span class='ocrx_word' id='word_1_426' title='bbox 969 2453 983 2475; x_wconf 95' lang='lat'>1</span> <span class='ocrx_word' id='word_1_427' title='bbox 1000 2445 1020 2475; x_wconf 88' lang='grc'><strong>2</strong></span> <span class='ocrx_word' id='word_1_428' title='bbox 1038 2445 1085 2485; x_wconf 89' lang='grc' dir='ltr'>(Ρ.</span> <span class='ocrx_word' id='word_1_429' title='bbox 1107 2445 1163 2483; x_wconf 88' lang='grc'>67)</span> <span class='ocrx_word' id='word_1_430' title='bbox 1182 2445 1197 2475; x_wconf 87' lang='grc' dir='ltr'><em>ὁ</em></span> <span class='ocrx_word' id='word_1_431' title='bbox 1212 2446 1269 2482; x_wconf 79' lang='grc' dir='ltr'>μὲν</span> <span class='ocrx_word' id='word_1_432' title='bbox 1287 2444 1472 2476; x_wconf 78' lang='grc' dir='ltr'>οὖν”Ηλιοσ</span> <span class='ocrx_word' id='word_1_433' title='bbox 1489 2448 1701 2484; x_wconf 84' lang='grc' dir='ltr'>κατείληπται</span> 
     </span>
     <span class='ocr_line' id='line_1_40' title="bbox 157 2496 1703 2537; baseline 0 -9"><span class='ocrx_word' id='word_1_434' title='bbox 157 2498 330 2537; x_wconf 83' lang='grc' dir='ltr'>θερμαίνων</span> <span class='ocrx_word' id='word_1_435' title='bbox 356 2498 408 2527; x_wconf 83' lang='grc' dir='ltr'>καὶ</span> <span class='ocrx_word' id='word_1_436' title='bbox 438 2497 591 2535; x_wconf 80' lang='grc' dir='ltr'>ξηραίνων</span> <span class='ocrx_word' id='word_1_437' title='bbox 609 2520 615 2526; x_wconf 91' lang='grc'><strong>.</strong></span> <span class='ocrx_word' id='word_1_438' title='bbox 637 2520 643 2526; x_wconf 91' lang='grc'><strong>.</strong></span> <span class='ocrx_word' id='word_1_439' title='bbox 665 2519 672 2526; x_wconf 94' lang='grc'><strong>.</strong></span> <span class='ocrx_word' id='word_1_440' title='bbox 694 2496 709 2526; x_wconf 88' lang='grc' dir='ltr'>ὁ</span> <span class='ocrx_word' id='word_1_441' title='bbox 742 2497 775 2527; x_wconf 73' lang='grc' dir='ltr'>δὲ</span> <span class='ocrx_word' id='word_1_442' title='bbox 803 2497 929 2536; x_wconf 83' lang='grc' dir='ltr'>Κρόνοσ</span> <span class='ocrx_word' id='word_1_443' title='bbox 956 2499 1138 2537; x_wconf 79' lang='grc' dir='ltr'>καταψύχει</span> <span class='ocrx_word' id='word_1_444' title='bbox 1166 2498 1216 2527; x_wconf 80' lang='grc' dir='ltr'>καὶ</span> <span class='ocrx_word' id='word_1_445' title='bbox 1244 2497 1344 2536; x_wconf 80' lang='grc' dir='ltr'>ἠρέμα</span> <span class='ocrx_word' id='word_1_446' title='bbox 1371 2498 1523 2536; x_wconf 80' lang='grc' dir='ltr'>ξηραίνει·</span> <span class='ocrx_word' id='word_1_447' title='bbox 1570 2497 1703 2537; x_wconf 84' lang='grc' dir='ltr'>ὀ”Αρηο·</span> 
     </span>
     <span class='ocr_line' id='line_1_41' title="bbox 156 2545 1701 2588; baseline 0 -9"><span class='ocrx_word' id='word_1_448' title='bbox 156 2549 293 2588; x_wconf 78' lang='grc' dir='ltr'>ξηραίνει</span> <span class='ocrx_word' id='word_1_449' title='bbox 330 2548 473 2585; x_wconf 82' lang='grc' dir='ltr'>μάλιστα</span> <span class='ocrx_word' id='word_1_450' title='bbox 508 2549 560 2577; x_wconf 81' lang='grc' dir='ltr'>καὶ</span> <span class='ocrx_word' id='word_1_451' title='bbox 597 2548 686 2578; x_wconf 84' lang='grc' dir='ltr'>καίει.</span> <span class='ocrx_word' id='word_1_452' title='bbox 735 2556 848 2587; x_wconf 90' lang='lat' dir='ltr'>neque</span> <span class='ocrx_word' id='word_1_453' title='bbox 880 2556 971 2587; x_wconf 85' lang='lat' dir='ltr'>quae</span> <span class='ocrx_word' id='word_1_454' title='bbox 1006 2546 1108 2578; x_wconf 76' lang='lat' dir='ltr'>stella</span> <span class='ocrx_word' id='word_1_455' title='bbox 1139 2545 1355 2578; x_wconf 84' lang='lat' dir='ltr'>desideretur</span> <span class='ocrx_word' id='word_1_456' title='bbox 1387 2546 1543 2579; x_wconf 85' lang='lat' dir='ltr'>dubitari</span> <span class='ocrx_word' id='word_1_457' title='bbox 1578 2548 1701 2579; x_wconf 79' lang='lat' dir='ltr'>sinunt</span> 
     </span>
     <span class='ocr_line' id='line_1_42' title="bbox 155 2596 1699 2640; baseline -0.001 -10"><span class='ocrx_word' id='word_1_458' title='bbox 155 2608 245 2640; x_wconf 81' lang='lat' dir='ltr'>quae</span> <span class='ocrx_word' id='word_1_459' title='bbox 275 2600 455 2640; x_wconf 81' lang='lat' dir='ltr'>praeterea</span> <span class='ocrx_word' id='word_1_460' title='bbox 488 2596 620 2629; x_wconf 84' lang='lat' dir='ltr'>tradita</span> <span class='ocrx_word' id='word_1_461' title='bbox 646 2600 730 2628; x_wconf 88' lang='lat' dir='ltr'>sunt</span> <span class='ocrx_word' id='word_1_462' title='bbox 756 2596 920 2630; x_wconf 82' lang='lat' dir='ltr'>C.G.A.G.</span> <span class='ocrx_word' id='word_1_463' title='bbox 950 2605 1003 2629; x_wconf 83' lang='lat' dir='ltr'>vn</span> <span class='ocrx_word' id='word_1_464' title='bbox 1029 2607 1063 2638; x_wconf 91' lang='lat' dir='ltr'>p.</span> <span class='ocrx_word' id='word_1_465' title='bbox 1094 2597 1159 2628; x_wconf 89' lang='grc'>222</span> <span class='ocrx_word' id='word_1_466' title='bbox 1189 2598 1232 2629; x_wconf 90' lang='grc'>20</span> <span class='ocrx_word' id='word_1_467' title='bbox 1258 2599 1277 2636; x_wconf 84' lang='grc' dir='ltr'><em>ὴ</em></span> <span class='ocrx_word' id='word_1_468' title='bbox 1299 2600 1426 2636; x_wconf 82' lang='grc' dir='ltr'>Σελήνη</span> <span class='ocrx_word' id='word_1_469' title='bbox 1455 2600 1586 2638; x_wconf 83' lang='grc' dir='ltr'>φύσεώσ</span> <span class='ocrx_word' id='word_1_470' title='bbox 1613 2601 1699 2630; x_wconf 77' lang='grc' dir='ltr'>ἐστιν</span> 
     </span>
     <span class='ocr_line' id='line_1_43' title="bbox 157 2648 1700 2691; baseline -0.001 -9"><span class='ocrx_word' id='word_1_471' title='bbox 157 2653 260 2691; x_wconf 71' lang='grc' dir='ltr'>ὑγρᾶσ</span> <span class='ocrx_word' id='word_1_472' title='bbox 284 2652 336 2682; x_wconf 76' lang='grc' dir='ltr'>καὶ</span> <span class='ocrx_word' id='word_1_473' title='bbox 363 2652 494 2691; x_wconf 79' lang='grc' dir='ltr'>ψυχρᾶσ</span> <span class='ocrx_word' id='word_1_474' title='bbox 510 2652 547 2680; x_wconf 82' lang='lat' dir='ltr'>et</span> <span class='ocrx_word' id='word_1_475' title='bbox 567 2648 681 2690; x_wconf 87' lang='lat' dir='ltr'>Heph.</span> <span class='ocrx_word' id='word_1_476' title='bbox 703 2648 810 2680; x_wconf 82' lang='lat' dir='ltr'>Theb.</span> <span class='ocrx_word' id='word_1_477' title='bbox 833 2648 879 2680; x_wconf 86' lang='lat' dir='ltr'>l.l.</span> <span class='ocrx_word' id='word_1_478' title='bbox 906 2651 925 2688; x_wconf 88' lang='grc' dir='ltr'>ὴ</span> <span class='ocrx_word' id='word_1_479' title='bbox 952 2651 985 2681; x_wconf 78' lang='grc' dir='ltr'>δὲ</span> <span class='ocrx_word' id='word_1_480' title='bbox 1011 2651 1136 2688; x_wconf 86' lang='grc' dir='ltr'>Σελήνη</span> <span class='ocrx_word' id='word_1_481' title='bbox 1166 2651 1305 2690; x_wconf 77' lang='grc' dir='ltr'>ὑγραίνει</span> <span class='ocrx_word' id='word_1_482' title='bbox 1336 2652 1388 2681; x_wconf 82' lang='grc' dir='ltr'>καὶ</span> <span class='ocrx_word' id='word_1_483' title='bbox 1413 2652 1585 2687; x_wconf 85' lang='grc' dir='ltr'>πεπαίνει;</span> <span class='ocrx_word' id='word_1_484' title='bbox 1617 2659 1700 2681; x_wconf 80' lang='lat' dir='ltr'>nam</span> 
     </span>
     <span class='ocr_line' id='line_1_44' title="bbox 155 2699 1704 2742; baseline -0.001 -9"><span class='ocrx_word' id='word_1_485' title='bbox 155 2702 221 2734; x_wconf 85' lang='lat' dir='ltr'>etsi</span> <span class='ocrx_word' id='word_1_486' title='bbox 245 2701 341 2733; x_wconf 87' lang='lat' dir='ltr'>Iouis</span> <span class='ocrx_word' id='word_1_487' title='bbox 365 2710 505 2742; x_wconf 88' lang='lat' dir='ltr'>quoque</span> <span class='ocrx_word' id='word_1_488' title='bbox 529 2703 566 2732; x_wconf 89' lang='lat' dir='ltr'>et</span> <span class='ocrx_word' id='word_1_489' title='bbox 590 2700 732 2732; x_wconf 87' lang='lat' dir='ltr'>Veneris</span> <span class='ocrx_word' id='word_1_490' title='bbox 757 2700 877 2732; x_wconf 85' lang='lat' dir='ltr'>stellae</span> <span class='ocrx_word' id='word_1_491' title='bbox 901 2699 1041 2732; x_wconf 84' lang='lat' dir='ltr'>umidae</span> <span class='ocrx_word' id='word_1_492' title='bbox 1064 2699 1303 2741; x_wconf 83' lang='lat' dir='ltr'>perhibentur,</span> <span class='ocrx_word' id='word_1_493' title='bbox 1329 2711 1389 2732; x_wconf 85' lang='lat' dir='ltr'>eae</span> <span class='ocrx_word' id='word_1_494' title='bbox 1413 2710 1494 2732; x_wconf 91' lang='lat' dir='ltr'>cum</span> <span class='ocrx_word' id='word_1_495' title='bbox 1517 2701 1704 2742; x_wconf 79' lang='lat' dir='ltr'>praecipue</span> 
     </span>
     <span class='ocr_line' id='line_1_45' title="bbox 158 2750 1704 2794; baseline -0.001 -10"><span class='ocrx_word' id='word_1_496' title='bbox 158 2753 326 2794; x_wconf 85' lang='lat' dir='ltr'>benignae</span> <span class='ocrx_word' id='word_1_497' title='bbox 345 2752 417 2783; x_wconf 89' lang='lat' dir='ltr'>sint</span> <span class='ocrx_word' id='word_1_498' title='bbox 435 2761 506 2783; x_wconf 87' lang='lat' dir='ltr'>non</span> <span class='ocrx_word' id='word_1_499' title='bbox 525 2750 580 2782; x_wconf 89' lang='lat' dir='ltr'>hic</span> <span class='ocrx_word' id='word_1_500' title='bbox 600 2754 783 2792; x_wconf 85' lang='lat' dir='ltr'>tamquam</span> <span class='ocrx_word' id='word_1_501' title='bbox 803 2751 997 2783; x_wconf 82' lang='lat' dir='ltr'>sterilitatis</span> <span class='ocrx_word' id='word_1_502' title='bbox 1015 2750 1206 2783; x_wconf 77' lang='lat' dir='ltr'>effectrices</span> <span class='ocrx_word' id='word_1_503' title='bbox 1225 2751 1407 2793; x_wconf 84' lang='lat' dir='ltr'>ponendae</span> <span class='ocrx_word' id='word_1_504' title='bbox 1424 2754 1534 2783; x_wconf 82' lang='lat' dir='ltr'>erant.</span> <span class='ocrx_word' id='word_1_505' title='bbox 1582 2750 1704 2782; x_wconf 84' lang='lat' dir='ltr'>Lunae</span> 
     </span>
     <span class='ocr_line' id='line_1_46' title="bbox 157 2800 1705 2843; baseline 0 -9"><span class='ocrx_word' id='word_1_506' title='bbox 157 2806 276 2834; x_wconf 84' lang='lat' dir='ltr'>autem</span> <span class='ocrx_word' id='word_1_507' title='bbox 294 2803 359 2834; x_wconf 90' lang='lat' dir='ltr'>hoc</span> <span class='ocrx_word' id='word_1_508' title='bbox 377 2802 464 2839; x_wconf 89' lang='lat' dir='ltr'>loco,</span> <span class='ocrx_word' id='word_1_509' title='bbox 483 2801 579 2843; x_wconf 91' lang='lat' dir='ltr'>quod</span> <span class='ocrx_word' id='word_1_510' title='bbox 596 2811 699 2843; x_wconf 82' lang='lat' dir='ltr'>saepe</span> <span class='ocrx_word' id='word_1_511' title='bbox 717 2811 873 2839; x_wconf 90' lang='lat' dir='ltr'>numero,</span> <span class='ocrx_word' id='word_1_512' title='bbox 892 2801 1056 2833; x_wconf 79' lang='lat' dir='ltr'>accidisse</span> <span class='ocrx_word' id='word_1_513' title='bbox 1075 2804 1162 2843; x_wconf 90' lang='lat' dir='ltr'>puto</span> <span class='ocrx_word' id='word_1_514' title='bbox 1181 2804 1222 2833; x_wconf 86' lang='lat' dir='ltr'>ut</span> <span class='ocrx_word' id='word_1_515' title='bbox 1243 2801 1361 2833; x_wconf 83' lang='lat' dir='ltr'>fratris</span> <span class='ocrx_word' id='word_1_516' title='bbox 1383 2802 1508 2833; x_wconf 80' lang='lat' dir='ltr'>iniuria</span> <span class='ocrx_word' id='word_1_517' title='bbox 1529 2800 1705 2840; x_wconf 75' lang='lat' dir='ltr'>deficeret,</span> 
     </span>
     <span class='ocr_line' id='line_1_47' title="bbox 156 2852 1707 2892; baseline -0.001 -5"><span class='ocrx_word' id='word_1_518' title='bbox 156 2855 297 2887; x_wconf 84' lang='lat' dir='ltr'>librario</span> <span class='ocrx_word' id='word_1_519' title='bbox 328 2854 373 2885; x_wconf 78' lang='lat' dir='ltr'>ad</span> <span class='ocrx_word' id='word_1_520' title='bbox 403 2853 513 2885; x_wconf 84' lang='lat' dir='ltr'>simile</span> <span class='ocrx_word' id='word_1_521' title='bbox 543 2852 675 2885; x_wconf 91' lang='lat' dir='ltr'>Phoebi</span> <span class='ocrx_word' id='word_1_522' title='bbox 704 2863 832 2885; x_wconf 88' lang='lat' dir='ltr'>nomen</span> <span class='ocrx_word' id='word_1_523' title='bbox 862 2854 1046 2885; x_wconf 82' lang='lat' dir='ltr'>aberrante</span> <span class='ocrx_word' id='word_1_524' title='bbox 1138 2853 1201 2885; x_wconf 89' lang='grc'>500</span> <span class='ocrx_word' id='word_1_525' title='bbox 1229 2862 1371 2886; x_wconf 81' lang='lat' dir='ltr'>mauors</span> <span class='ocrx_word' id='word_1_526' title='bbox 1400 2856 1494 2892; x_wconf 78' lang='lat' dir='ltr'>ignis</span> <span class='ocrx_word' id='word_1_527' title='bbox 1518 2857 1552 2890; x_wconf 88' lang='lat' dir='ltr'>L,</span> <span class='ocrx_word' id='word_1_528' title='bbox 1580 2862 1707 2886; x_wconf 82' lang='lat' dir='ltr'>mauor</span> 
     </span>
    </p>
   </div>
  </div>
 </body>
</html>
