1872 3183
207 133 288 171 110
799 130 860 171 M.
895 129 1148 171 MANILII

243 249 311 280 806
368 246 411 283 et
431 240 563 296 Tigris
583 246 627 282 et
646 240 761 282 rubri
780 239 992 282 radiantia
1011 239 1135 281 litora
1155 240 1290 295 ponti.

244 323 311 354 802
368 329 523 370 magna
542 315 652 356 iacet
672 314 796 356 tellus
816 314 978 369 magnis
997 314 1260 356 circumdata
1280 314 1384 370 ripis

367 389 538 431 Parthis
558 394 601 430 et
621 404 645 430 a
665 389 834 430 Parthis
854 389 1041 430 domitae
1060 403 1134 444 per
1154 388 1320 430 saecula
1339 393 1499 444 gentes,

369 464 609 519 Bactraque
628 470 663 505 et
681 463 923 519 Aethiopes,
946 463 1141 518 Babylon
1161 468 1204 504 et
1224 463 1329 505 Susa
1349 462 1567 518 Ninosque

244 546 313 577 805
368 538 625 593 nominaque
644 537 875 579 innumeris
893 537 969 579 uix
986 537 1292 592 conplectenda
1311 537 1467 592 figuris.

244 620 313 651 807
423 613 480 654 sic
502 612 639 653 diuisa
659 617 805 653 manet
824 611 948 653 tellus
967 626 1041 667 per
1061 611 1198 653 sidera
1216 616 1384 661 cuncta,

370 702 392 728 e
412 687 566 742 quibus
585 686 630 727 in
648 686 839 742 proprias
858 691 1001 741 partes
1020 691 1121 727 sunt
1142 686 1236 727 iura
1256 685 1464 727 trahenda
1483 699 1491 735 3

368 775 553 816 namque
573 761 734 811 eadem,
756 775 865 816 quae
884 766 984 802 sunt
1004 760 1146 816 signis,
1167 760 1418 802 commercia
1438 765 1624 809 seruant,

197 981 282 1023 ferte
306 981 433 1014 duobus
450 982 458 995 '
484 982 542 1014 ait.
566 980 570 1025 Ι
591 992 649 1013 nee
674 992 776 1020 mora,
799 981 969 1022 prosiluit.
1014 981 1126 1022 pisces
1149 980 1278 1012 subiere
1301 980 1440 1021 qemelli,
1463 978 1468 1022 Ι
1485 990 1548 1021 pro
1571 989 1635 1020 quo
1658 987 1750 1010 nunc

204 1033 295 1064 cerni
313 1033 423 1065 sidera
440 1043 565 1064 mzcnus
582 1032 700 1064 habent
791 1033 855 1064 806
873 1035 954 1064 ante
973 1033 1036 1063 802
1055 1033 1175 1063 traieci
1191 1044 1199 1069 ;
1231 1032 1315 1063 mire
1333 1032 1425 1063 enim
1444 1031 1608 1063 Parthide
1627 1029 1750 1062 tellure

206 1084 412 1126 Bactrisque
433 1085 647 1126 interpositis
670 1084 781 1126 Tigris
803 1084 848 1116 ab
872 1084 1052 1126 Euphrate
1075 1083 1260 1120 diiimitur,
1284 1084 1369 1115 mire
1392 1083 1504 1114 Rubri
1525 1082 1626 1124 ponti
1647 1081 1751 1113 litora

204 1136 339 1177 magnis
359 1136 441 1177 ripis
461 1136 677 1167 circumdata
696 1136 805 1167 iacere
825 1135 999 1167 dicuntur.
1061 1135 1204 1166 Parthia
1223 1135 1303 1166 hinc
1324 1134 1516 1176 Euphratis
1535 1136 1572 1165 et
1591 1133 1750 1175 Tigridis,

203 1187 296 1218 illinc
321 1187 433 1219 Rubri
456 1188 560 1219 maris
585 1188 666 1229 ripis
690 1187 866 1219 clauditur
970 1187 1033 1217 803
1056 1190 1196 1226 parthis
1220 1191 1256 1218 et
1279 1197 1301 1219 a
1325 1186 1485 1228 Scaliger,
1509 1188 1649 1224 parthis
1665 1189 1702 1217 et
1717 1188 1750 1216 Μ

203 1238 374 1280 Scaligero
402 1240 552 1280 ignotus,
581 1242 701 1278 parthi
725 1243 786 1271 sed
809 1239 884 1276 GL2,
912 1241 1034 1277 parthi
1061 1242 1126 1270 sub
1152 1242 1175 1270 L
1201 1238 1276 1270 cod.
1306 1238 1460 1270 Venetus
1562 1236 1649 1269 Plin.
1678 1235 1748 1268 n.h.

205 1299 244 1322 VI
265 1291 328 1322 112
348 1301 449 1331 reqna
468 1290 671 1323 Parthorum
691 1290 923 1330 duodeuiyinti
943 1293 1022 1322 sunt
1043 1290 1160 1322 omnia
1250 1290 1314 1320 804
1341 1289 1480 1321 delebat
1502 1288 1653 1329 Scaliger

247 1346 372 1374 bactra
405 1346 477 1380 GM,
510 1346 659 1374 barthra
689 1346 723 1380 L,
757 1344 920 1374 bacthria
946 1341 984 1373 L²
1075 1346 1110 1373 et
1143 1340 1279 1372 addidit
1313 1341 1623 1382 Regiomontanus,
1657 1337 1751 1380 quod

204 1397 375 1434 sequente
393 1396 445 1425 aet-
460 1404 531 1424 non
556 1395 672 1425 minus
690 1395 791 1424 facile
811 1393 989 1425 intercidit
1007 1403 1113 1434 quam
1133 1393 1211 1425 Sen.
1231 1392 1312 1424 dial.
1333 1403 1356 1424 v
1372 1393 1415 1424 20
1434 1393 1453 1423 2
1471 1402 1514 1422 ex
1529 1394 1557 1423 et
1573 1390 1754 1430 Aethiopes

206 1449 329 1476 natum
342 1448 396 1476 est
408 1449 436 1476 et
449 1445 586 1486 thiopes‚
602 1446 676 1477 Val.
690 1445 740 1477 Fi.
754 1454 824 1477 V111
834 1446 900 1477 318
910 1445 968 1477 sed
976 1444 1101 1476 aethere
1115 1454 1157 1475 ex
1169 1445 1254 1476 sedet
1267 1443 1400 1475 aethere.
1444 1453 1515 1474 non
1526 1442 1750 1483 praetulerim

208 1497 329 1528 Bactra
352 1499 448 1537 atque
537 1500 720 1535 aethiopes
733 1497 763 1534 *‚
782 1499 960 1528 aetherios
978 1500 1038 1533 GL,
1053 1500 1108 1528 ete
1124 1495 1331 1527 transfixum
1346 1505 1385 1526 ac
1399 1493 1523 1526 deinde
1535 1496 1691 1526 aeter-ius
1705 1496 1750 1530 Μ,

203 1548 359 1590 Hyrcani
394 1548 600 1580 dubitanter
637 1548 825 1580 Bentleius.
873 1559 954 1580 cum
995 1548 1164 1590 scriptum
1205 1548 1364 1578 uisumue
1404 1549 1495 1578 esset
1535 1554 1754 1582 AETHIORES,

205 1600 475 1641 transpositione
496 1600 747 1631 elementorum
769 1599 935 1631 Latinum
957 1609 1085 1630 nomen
1106 1598 1240 1630 factum
1262 1601 1326 1635 est,
1349 1608 1419 1629 non
1440 1597 1598 1629 dissimili
1618 1596 1754 1628 ratione

206 1661 246 1682 ac
264 1651 366 1682 Mart.
386 1660 427 1683 XI
445 1652 465 1683 3
488 1653 502 1683 1
523 1652 653 1692 pieride
672 1652 707 1682 in
726 1655 749 1692 β
767 1650 901 1682 familia
919 1661 982 1692 pro
999 1651 1149 1691 pipeide‚
1169 1650 1205 1681 id
1223 1652 1277 1681 est
1292 1649 1487 1690 pimpleide.
1536 1648 1579 1680 de
1597 1648 1752 1679 Asiatico

205 1702 419 1743 Aethiopum
449 1703 578 1744 populo
609 1703 696 1734 Iust.
729 1712 742 1734 1
772 1704 792 1733 2
824 1703 843 1733 8
875 1701 1105 1743 (Samiramis)
1134 1701 1374 1741 Aethiopiam.
1394 1724 1402 1731 .
1422 1724 1429 1732 .
1448 1699 1591 1741 imperio
1620 1699 1753 1735 adiecit,

204 1753 306 1785 Diod.
338 1753 402 1785 Sic.
432 1763 461 1785 ΙΙ
489 1755 531 1785 22
559 1756 578 1785 2
607 1756 795 1792 Τευτάμου,
816 1778 822 1785 .
844 1778 851 1785 .
872 1756 1104 1793 βασιλεύοντοσ
1135 1756 1197 1791 τῆο·
1227 1753 1354 1790 'Ao-[am
1386 1754 1424 1783 ὂσ
1451 1754 1490 1791 ἢν
1516 1753 1664 1783 εἰκοστὸσ
1690 1752 1754 1782 ἀπὸ

206 1807 322 1837 Νινύου
337 1807 393 1837 τοῦ
409 1807 637 1846 Σεμιράμιδοσ,
657 1808 737 1846 φασὶ
752 1808 828 1837 τοὺσ
842 1805 910 1843 μετ’
928 1803 1349 1845 ἈὙαμέμνονοσ”Ελληνασ
1365 1805 1418 1835 ε’πὶ
1433 1804 1546 1844 Τροίαν
1563 1804 1755 1843 στρατεῦσαι

237 1882 243 1888 .
263 1881 271 1888 .
290 1858 346 1888 τὸν
374 1860 409 1889 δὲ
439 1860 602 1896 Τεύταμον
629 1859 759 1898 μυρίουσ
785 1859 842 1895 μὲν
870 1859 1031 1888 Αἰθίοπασ
1056 1858 1179 1888 ἄλλουσ
1205 1857 1239 1887 δὲ
1265 1858 1439 1887 τοσούτουσ
1469 1857 1667 1886 Σουσιανοὺσ
1696 1856 1753 1886 σὺν

205 1911 322 1949 ἅρμασι
350 1911 525 1940 διακοσίοισ
553 1911 789 1947 ἐξαποστεῖλαι,
807 1910 989 1949 στρατηγὸν
1012 1909 1316 1945 ἐπικαταστήσαντα
1344 1907 1498 1945 Μέμνονα
1524 1908 1580 1937 τοῦ
1603 1908 1752 1942 Τιθωνοῦ,

208 1960 290 1991 Dar.
318 1960 444 2002 Phryg.
474 1961 514 1991 18
538 1961 675 1993 aderant
692 1984 700 1991 .
719 1984 727 1991 .
747 1984 755 1992 .
774 1960 813 1992 de
836 1959 1018 2000 Aethiopia
1041 1959 1158 1991 Perses
1184 1962 1211 1990 et
1235 1958 1410 1995 Memnon,
1436 1957 1528 1989 Dict.
1554 1957 1645 1990 Oret.
1671 1966 1709 1988 :tv
1733 1958 1755 1987 4

208 2011 373 2042 Memnon
405 2011 545 2043 Tithoni
574 2015 671 2052 atque
701 2011 854 2043 Aurorae
876 2011 978 2052 filius
1007 2010 1197 2051 inqentibus
1230 2010 1394 2042 Indorum
1424 2011 1521 2049 atque
1550 2007 1755 2048 Aethiopum

207 2062 315 2103 copiis
356 2063 561 2103 superuenit,
602 2062 683 2094 Her.
724 2071 768 2094 ΠΙ
809 2063 851 2093 94
895 2064 909 2094 l
953 2064 1138 2102 Παρικάνιοι
1181 2063 1215 2093 δὲ
1256 2063 1309 2092 καὶ
1350 2062 1507 2092 Αἰθίοπεσ
1547 2062 1575 2092 οἱ
1617 2063 1653 2091 ἐκ
1693 2062 1757 2098 τῆσ

207 2115 323 2153 Ἀσίησ
357 2117 547 2155 τετρακόσια
585 2117 730 2146 τάλαντα
768 2116 943 2154 ἀπαγίνεον
981 2114 1136 2155 (Dareo),
1166 2122 1220 2145 VII
1259 2114 1302 2145 70
1344 2113 1359 2143 l
1399 2114 1462 2143 τῶν
1500 2113 1558 2151 μὲν
1599 2113 1638 2150 δὴ
1677 2113 1756 2151 ὑπὲρ

205 2168 371 2206 Αἰγύπτου
409 2168 572 2197 Αἰθιόπων
610 2169 663 2198 καὶ
703 2166 861 2207 Ἀραβίων
899 2168 979 2206 ἦρχε
1011 2165 1191 2207 Ἀρσάμησ,
1228 2167 1255 2196 οἱ
1288 2166 1322 2196 δὲ
1355 2165 1420 2195 ἀπὸ
1453 2165 1543 2202 ἡλίου
1575 2164 1756 2195 ἀνατολέων

207 2219 364 2249 Αἰθίοπεο·
394 2218 487 2257 (διξοὶ
517 2219 580 2258 ’γὰρ
612 2219 651 2256 δὴ
683 2217 925 2258 ἐστρατεύοντο)
957 2218 1220 2258 προσετετάχατο
1251 2218 1334 2247 τοῖσι
1366 2215 1496 2246 Ἰνδοῖσι
1543 2215 1591 2256 (in
1627 2213 1757 2246 Xerxis

206 2269 386 2308 exercitu).
449 2272 604 2300 ceterum
646 2279 708 2301 nec
740 2268 931 2310 Aethiopes
968 2278 1031 2299 nec
1070 2268 1198 2299 Bactra
1234 2277 1353 2308 reapse
1391 2276 1412 2297 a
1450 2265 1589 2298 Parthis
1618 2264 1756 2297 domita

207 2322 301 2357 sunt,
332 2330 453 2351 uerum
481 2330 502 2351 a
533 2320 644 2351 Persis
722 2324 875 2359 babylon
899 2319 999 2351 codd.
1024 2319 1113 2351 Flor.
1141 2322 1177 2350 et
1210 2318 1321 2355 Bodl.,
1351 2321 1523 2357 babylone
1554 2320 1624 2355 LM,
1659 2320 1755 2349 babi-

206 2375 322 2404 lonem
345 2375 381 2409 G,
410 2371 557 2403 fortasse
589 2371 802 2412 Babylonque
892 2381 978 2403 susa
1005 2374 1177 2409 uiuosque
1209 2369 1419 2402 Schraderus
1448 2368 1520 2400 obs.
1551 2378 1579 2400 c.
1611 2369 1643 2406 2,
1672 2377 1757 2400 susa

205 2426 412 2461 apimosque
443 2427 488 2460 M,
519 2426 786 2461 susapimosque
817 2422 866 2460 L2,
897 2425 1141 2461 suspimosque
1167 2425 1201 2459 L,
1232 2424 1263 2453 si
1287 2424 1488 2459 spimosque
1513 2424 1549 2457 G,
1580 2420 1758 2461 Panosque

209 2474 309 2506 codd.
337 2474 427 2505 Flor.
454 2477 491 2506 et
518 2474 616 2506 Bodl.
644 2477 680 2505 et
705 2474 854 2505 editores
880 2477 1021 2506 tantum
1046 2484 1117 2505 non
1142 2483 1272 2510 omnes,
1298 2471 1393 2513 quod
1418 2471 1504 2513 quid
1528 2471 1574 2503 sit
1599 2474 1661 2503 aut
1686 2481 1755 2513 quo

209 2527 282 2558 iure
306 2527 455 2567 priorem
480 2526 651 2567 syllabam
676 2526 841 2567 corripiat
866 2536 935 2557 non
959 2526 1069 2567 magis
1094 2525 1197 2556 didici
1222 2534 1328 2565 quam
1352 2523 1541 2555 molossum
1564 2533 1637 2554 esse
1661 2522 1755 2564 quod

209 2587 273 2619 pro
287 2577 448 2609 aetherios
461 2587 481 2608 a
495 2577 666 2619 Scaligero
681 2577 776 2619 Fayo
792 2577 959 2618 Pingraeo
973 2576 1102 2608 Iacobo
1118 2576 1315 2607 exhibitum
1328 2577 1382 2606 est
1395 2575 1485 2606 Arii.
1535 2574 1543 2587 ‘
1557 2574 1757 2616 frequenter

209 2639 233 2660 n
256 2632 292 2661 et
313 2639 339 2670 p
363 2631 638 2666 commutantur,
664 2631 704 2660 ut
727 2629 884 2660 uoluntas
907 2631 944 2660 et
966 2629 1135 2668 uoluptas,
1160 2627 1198 2659 in
1221 2637 1255 2658 se
1277 2629 1313 2658 et
1337 2626 1410 2667 ipse
1424 2626 1431 2639 ’
1457 2625 1668 2659 Schraderus

253 2680 315 2711 805
346 2684 599 2718 conplectenda
623 2684 668 2718 M,
696 2683 941 2718 amplectenda
965 2679 1040 2716 GL2,
1065 2682 1312 2717 amplectanda
1338 2681 1361 2709 L
1443 2677 1568 2718 fiquris
1591 2677 1757 2708 orationis

209 2733 250 2763 ut
271 2741 285 2763 1
306 2732 349 2762 24
440 2731 502 2762 808
519 2741 536 2763 e
553 2734 624 2769 GM,
646 2735 682 2763 et
697 2735 731 2768 L,
749 2733 829 2762 utn
852 2731 926 2767 641,
949 2730 1043 2771 quod
1065 2731 1093 2760 si
1115 2729 1234 2761 Ellisio
1255 2729 1465 2761 innotuisset
1485 2728 1686 2759 coniecisset
1707 2738 1757 2764 ex,

210 2782 297 2813 nihil
320 2793 360 2814 eo
384 2782 571 2814 deterritus
595 2782 690 2823 quod
715 2792 731 2814 e
753 2781 884 2822 quibus,
911 2792 925 2813 e
948 2782 1024 2822 quis
1047 2782 1084 2812 in
1107 2780 1201 2812 fibris
1224 2780 1399 2812 habentur
1421 2789 1436 2811 1
1459 2780 1535 2817 261,
1559 2779 1623 2810 488

253 2835 317 2866 809
339 2836 532 2868 commercia
554 2836 729 2878 signorum
751 2838 1068 2867 commemorantur
1089 2843 1117 2866 11
1138 2834 1214 2871 346,
1237 2834 1312 2871 358,
1336 2834 1411 2870 382,
1435 2833 1511 2870 467,
1534 2841 1572 2864 IV
1593 2831 1659 2864 296
