1872 3183
556 160 1041 203 ASTRONOMICON
1073 160 1139 202 IV
1566 164 1620 203 33

248 270 450 326 quicquid
469 275 513 312 et
532 275 706 325 argento
725 270 967 320 fabricetur,
989 270 1191 326 quicquid
1211 275 1254 312 et
1272 284 1388 312 auro.

123 353 192 385 250
250 345 364 400 quod
383 345 539 386 ferrum
559 344 683 386 calidi
703 344 872 386 soluant
890 350 1020 400 atque
1039 359 1136 387 aera
1155 345 1309 387 camini

247 423 625 473 consummentque
644 418 727 460 foci
747 419 949 469 Cererem,
971 424 1047 460 tua
1067 433 1241 460 munera
1261 424 1445 474 surgent.

247 493 368 534 addis
388 497 431 534 et
450 492 494 533 in
512 496 652 534 uestes
671 493 861 534 studium
881 507 1145 548 mercemque
1164 493 1384 548 fugantem

247 567 414 622 frigora,
435 566 669 608 brumalem
689 581 861 608 seruans
880 582 954 622 per
973 567 1139 609 saecula
1158 572 1328 617 sortem,

248 655 332 696 qua
350 640 532 683 retrahis
552 640 702 683 ductas
721 655 887 683 summa
906 641 961 682 ad
980 641 1149 696 fastigia
1168 641 1304 683 noctis

123 723 191 754 255
245 719 572 770 nascentemque
591 714 694 757 facis
713 715 921 757 reuocatis
940 715 1103 757 lucibus
1123 730 1295 757 annum.

247 789 343 831 hinc
363 794 406 831 et
425 788 638 831 mobilitas
658 804 810 839 rerum,
832 794 1084 845 mutataque
1104 803 1229 845 saepe

81 918 194 959 prisca
208 918 349 959 insuper
363 928 425 950 nec
441 918 630 951 Maniliana
645 918 758 950 forma
772 919 948 960 imposita,
965 920 1158 951 orationem
1174 919 1380 951 deteriorem
1396 919 1623 951 reddiderunt

80 969 221 1001 sublata
236 971 490 1008 coniunctione,
507 973 548 1001 ut
563 974 710 1002 restaret
725 980 830 1002 manu
845 974 931 1002 certa
946 974 1023 1002 arte.
1072 970 1298 1002 Marklandus
1314 974 1434 1002 certam
1449 971 1623 1011 duplicare

79 1030 140 1060 per
158 1023 272 1059 artem,
293 1021 470 1063 Hauptius
490 1032 606 1063 opusc.
628 1031 656 1053 Π
676 1032 708 1063 p.
731 1023 795 1054 343
818 1022 945 1053 leniore
966 1032 1048 1053 usus
1070 1021 1221 1053 remedio
1242 1022 1417 1062 duplicare
1435 1025 1623 1062 repertam3

80 1075 213 1104 ceteras
225 1073 441 1104 coniecturas
454 1074 590 1105 omitto.
639 1073 698 1105 sed
712 1073 913 1114 duplicandi
926 1073 1072 1105 uerbum
1085 1073 1173 1105 falso
1187 1073 1224 1105 F.
1240 1073 1362 1105 Iunius
1375 1074 1417 1105 de
1432 1073 1625 1105 brattiariis

80 1124 331 1164 interpretatus
351 1127 415 1161 est,
437 1125 497 1165 qui
517 1134 579 1155 nec
599 1125 714 1165 ignem
734 1124 903 1156 adhibent
923 1134 985 1155 nec
1006 1124 1188 1166 duplicant
1208 1126 1402 1162 materiam,
1425 1125 1484 1156 sed
1505 1135 1622 1166 super-

82 1174 193 1206 ficiem
211 1175 284 1206 eius
301 1175 537 1217 multiplicant
554 1175 666 1216 (uelut
683 1175 815 1207 Plinius
832 1175 902 1207 n.h.
920 1185 1040 1207 XXXIII
1059 1176 1097 1207 61
1119 1176 1238 1207 uncias
1256 1177 1330 1207 auri
1348 1177 1383 1207 in
1401 1176 1623 1218 septingenas

83 1227 345 1268 quinquagenas
366 1226 550 1268 pluresque
572 1226 728 1258 bratteas
750 1230 960 1267 quaternum
982 1230 1131 1268 utroque
1153 1227 1341 1268 digitorum
1364 1228 1478 1269 spargi
1501 1230 1624 1259 auctor

82 1279 173 1315 est);
208 1287 320 1318 neque
341 1278 411 1309 ullo
432 1279 505 1309 iure
527 1278 714 1310 Salmasius
735 1278 780 1309 ad
802 1278 881 1309 hist.
905 1278 992 1319 Aug.
1016 1288 1049 1319 p.
1073 1279 1138 1310 204
1159 1280 1311 1319 pretium
1333 1278 1551 1320 duplicatum
1572 1279 1623 1309 in-

83 1328 226 1370 tellegit,
245 1328 340 1370 quod
363 1338 535 1369 nusquam
553 1328 776 1370 significatur.
826 1328 909 1360 mihi
927 1330 1109 1360 materiam
1127 1329 1303 1371 duplicare
1321 1329 1388 1361 dici
1406 1329 1546 1361 uidetur
1565 1330 1626 1370 qui

85 1379 266 1411 metallum
283 1381 361 1421 igne
374 1380 547 1411 mollitum
564 1381 600 1411 in
618 1390 653 1411 se
666 1380 822 1422 replicat,
841 1380 1035 1412 cuiusmodi
1056 1383 1110 1412 est
1121 1380 1239 1413 Galen.
1253 1381 1296 1412 de
1310 1381 1397 1413 ther.
1416 1382 1468 1419 18,
1479 1380 1621 1413 Kuehn.

85 1430 174 1462 med.
198 1430 255 1463 Gr.
281 1439 346 1462 XIV
367 1441 400 1473 p.
428 1432 504 1469 288,
533 1433 548 1463 ὁ
573 1433 704 1472 σίδηροσ
731 1434 958 1473 πυρούμενοσ
982 1434 1181 1470 μαλάττεται
1207 1435 1259 1464 καὶ
1282 1435 1544 1471 καμπτόμενοσ
1570 1433 1626 1472 ὑφ’

84 1484 170 1520 ἡμῶν
185 1484 366 1523 εὕχρηστοο·
380 1485 457 1514 εἶναι
472 1485 555 1523 πρὸο·
569 1485 675 1515 πολλὰ
690 1485 751 1514 τῶν
764 1487 797 1514 ἐν
813 1483 858 1523 τῷ
869 1485 929 1524 βίῳ
941 1485 1097 1523 φαίνεται.
1147 1493 1253 1515 manu
1265 1487 1361 1520 certa,
1377 1483 1454 1515 Sen.
1469 1494 1522 1525 ep.
1539 1485 1582 1515 90
1603 1485 1623 1515 9

82 1542 173 1564 serra
192 1543 254 1573 per
270 1533 443 1573 desiqnata
462 1537 610 1566 currente
629 1537 715 1565 certa
737 1543 843 1565 manu
865 1534 987 1566 trabem
1010 1534 1158 1566 scindere
1247 1535 1311 1565 249
1331 1534 1373 1566 de
1395 1535 1620 1566 subiunctiuo

84 1584 163 1615 uide
181 1584 225 1615 ad
243 1593 271 1616 11
289 1585 354 1615 814
371 1584 542 1616 adnotata
632 1585 696 1616 250
713 1588 819 1617 calidi
836 1588 872 1622 G,
890 1589 1015 1618 calidis
1032 1589 1090 1617 LM
1179 1595 1249 1617 non
1263 1586 1335 1617 sine
1349 1596 1454 1617 causa
1468 1586 1620 1617 Huetius

80 1635 125 1667 de
141 1635 238 1667 uerbi
254 1636 357 1667 modo
373 1635 563 1674 dubitauit,
579 1646 661 1668 nam
678 1636 778 1668 aliter
793 1640 997 1678 comparata
1010 1635 1093 1668 sunt
1103 1646 1193 1678 quae
1209 1637 1334 1668 similia
1349 1637 1459 1669 uideri
1474 1640 1622 1679 possunt

83 1695 111 1717 11
149 1687 256 1718 19-22
291 1687 382 1719 ruris
398 1711 405 1719 .
423 1711 433 1720 .
452 1712 459 1718 .
479 1688 562 1728 leyes
578 1712 585 1719 .
605 1712 612 1719 .
632 1712 639 1719 .
659 1688 789 1719 notauit
806 1712 812 1719 .
833 1712 839 1719 .
860 1713 881 1726 .‚
899 1688 995 1729 qnod
1035 1688 1131 1720 colles
1177 1688 1329 1719 Bacchus
1364 1692 1507 1720 amaret
1542 1691 1622 1726 etc.,

83 1738 176 1770 Caes.
207 1738 238 1770 b.
253 1738 292 1770 G.
321 1747 335 1770 1
363 1740 403 1770 19
432 1740 447 1770 1
476 1749 552 1771 cum
568 1763 575 1770 .
595 1763 602 1770 .
622 1764 629 1770 .
648 1739 851 1770 certissimae
878 1750 929 1771 res
957 1739 1153 1777 accederent,
1181 1740 1278 1780 quosd
1294 1764 1301 1771 .
1321 1764 1328 1771 .
1348 1764 1356 1771 .
1375 1740 1622 1778 traduxisset,

84 1814 90 1820 .
111 1814 118 1820 .
138 1814 145 1821 .
165 1790 283 1830 quod.
303 1814 310 1821 .
331 1814 338 1821 .
357 1793 613 1828 accusaretur,
651 1791 735 1822 satis
774 1801 841 1823 esse
873 1801 994 1823 causae
1030 1791 1253 1823 arbitrabatur
1289 1801 1390 1831 quare
1407 1816 1414 1823 .
1434 1816 1441 1823 .
1461 1816 1468 1823 .
1488 1792 1624 1838 iuberet,

82 1840 150 1873 Cic.
172 1840 259 1872 Phil.
282 1850 304 1872 v
327 1843 365 1873 17
386 1851 432 1872 an
451 1842 512 1873 illa
530 1851 598 1873 non
616 1842 831 1882 yraaissimis
850 1843 1049 1882 iynominiis
1065 1866 1073 1874 .
1093 1867 1100 1874 .
1120 1867 1126 1873 .
1146 1843 1190 1874 ad
1205 1843 1410 1882 posteritatis
1430 1844 1624 1875 memoriam

82 1895 162 1923 sunt
181 1893 339 1930 notanda,
361 1893 457 1933 quod
477 1903 567 1924 nnus
588 1893 639 1924 M.
663 1893 835 1925 Antonius
855 1894 894 1925 in
914 1894 974 1925 hac
994 1893 1073 1926 urbe
1090 1897 1166 1934 post
1188 1894 1355 1926 conditam
1378 1894 1490 1926 urbem
1504 1895 1623 1934 palam

83 1953 194 1974 secum
217 1943 390 1975 habuerit
424 1947 570 1976 armatos
585 1946 610 1981 ?,
640 1944 723 1976 fam.
747 1954 796 1976 xv
820 1946 841 1976 4
866 1946 906 1976 12
931 1946 1023 1977 mitto
1055 1946 1152 1985 qnod
1168 1969 1175 1976 .
1194 1969 1202 1976 .
1222 1969 1229 1976 .
1249 1945 1421 1977 inuidiam
1443 1946 1622 1985 subieris,

84 2005 105 2026 a
127 1994 253 2035 quibus
274 2005 345 2026 non
367 1995 466 2027 abest
488 1995 624 2027 dicendi
641 1996 857 2028 sentiendiue
880 1996 1096 2038 significatio.
1145 1996 1205 2028 sed
1225 1996 1290 2028 hoc
1311 1996 1382 2028 fere
1404 2000 1510 2038 poeta
1531 1997 1620 2035 uult,

75 2046 165 2086 ferri
189 2046 338 2086 aerisque
362 2046 493 2084 solutio,
520 2047 551 2078 si
569 2047 644 2087 flat,
671 2050 766 2078 tuam
788 2057 913 2078 manus
938 2048 1007 2079 erit.
1100 2047 1161 2079 251
1189 2053 1431 2080 consumment
1455 2048 1619 2086 Huetius,

84 2102 290 2130 consument
313 2101 408 2134 GLM,
431 2101 629 2129 consumant
651 2098 726 2129 cod.
753 2098 851 2130 Bodl.
880 2098 990 2140 ‘ignis
1013 2108 1140 2140 panem
1163 2098 1310 2139 perficit,
1334 2109 1405 2130 non
1427 2098 1617 2136 interficit;

83 2151 315 2185 consummat,
337 2158 407 2180 non
424 2150 599 2181 consumit
612 2149 620 2162 ’
644 2149 795 2181 Huetius
884 2150 948 2181 252
968 2149 1006 2180 in
1027 2152 1132 2181 uestes
1151 2150 1312 2187 studium,
1334 2151 1399 2181 274
1421 2150 1459 2181 in
1476 2153 1620 2190 pontum

82 2199 232 2231 studium
322 2204 505 2238 fugantem
529 2200 656 2242 Fayus,
674 2204 832 2238 fugacem
858 2200 947 2238 libri,
972 2201 1062 2232 sicut
1087 2209 1109 2231 V
1136 2201 1201 2232 289
1224 2201 1349 2232 tenacis
1372 2211 1435 2242 pro
1460 2202 1617 2233 tonantis.

83 2250 189 2282 Lucil.
215 2251 274 2282 lib.
299 2259 389 2283 XXVI
413 2261 468 2292 ap.
495 2251 584 2283 Non.
611 2262 644 2292 p.
671 2252 732 2283 291
761 2252 966 2283 uestimentis
984 2251 1098 2293 friqns
1122 2255 1217 2291 atque
1241 2252 1405 2284 horrorem
1430 2255 1621 2284 exacturum

79 2305 181 2341 patet.
230 2301 379 2343 Scaliger
403 2301 558 2343 fnqacem
588 2306 728 2334 enarrat
761 2302 768 2315 ⁴
783 2313 873 2344 quae
904 2304 974 2334 cito
1005 2303 1204 2334 extruditur
1234 2313 1347 2344 neque
1378 2304 1413 2335 in
1444 2304 1619 2336 institorio

84 2356 202 2384 manet
216 2353 237 2391 ⁹,
255 2354 354 2395 quasi
369 2353 434 2385 hoc
451 2357 513 2385 aut
528 2355 635 2386 uestis
650 2355 829 2396 proprium
843 2355 888 2386 sit
904 2358 967 2386 aut
981 2354 1082 2386 facile
1095 2355 1154 2385 illa
1169 2365 1254 2386 uoce
1269 2355 1436 2386 declarari
1452 2357 1618 2396 potuerit,

82 2414 171 2444 quae
196 2404 308 2436 multo
332 2406 441 2447 magis
465 2406 535 2437 cito
559 2406 751 2447 perituram
775 2405 956 2447 significat.
1005 2405 1099 2446 quod
1124 2409 1243 2438 autem
1267 2405 1359 2438 idem
1384 2406 1438 2438 his
1462 2407 1619 2439 uersibus

81 2465 151 2486 non
169 2456 350 2487 uestiarios
367 2466 387 2487 a
404 2456 611 2498 Capricorno
628 2457 723 2488 nasci
740 2457 800 2488 sed
818 2457 925 2488 uestis
941 2458 1093 2498 pretium
1110 2456 1252 2488 accendi
1269 2457 1339 2489 sole
1356 2458 1391 2488 in
1410 2457 1618 2498 Capricorno

81 2507 196 2547 posito
215 2506 282 2538 dici
301 2507 493 2545 contendit,
512 2507 717 2549 refragatur,
737 2518 841 2549 quem
859 2509 933 2549 ipse
952 2511 1078 2540 testem
1096 2507 1270 2549 producit,
1291 2508 1445 2546 Plinius;
1477 2510 1506 2540 is
1525 2510 1617 2541 enim

79 2557 149 2589 n.h.
171 2566 265 2589 xv111
283 2558 348 2589 225
366 2558 594 2600 Vergiliarum
613 2569 736 2591 occasu
755 2560 862 2591 uestis
880 2560 1057 2591 institores
1076 2560 1226 2591 uestium
1245 2560 1358 2600 pretia
1377 2570 1501 2601 augere
1520 2560 1617 2598 dicit,

80 2608 145 2640 hoc
168 2611 222 2640 est
244 2608 311 2640 a.d.
336 2618 379 2640 111
400 2609 478 2641 idus
500 2610 726 2649 Nouembres,
749 2610 930 2653 Scorpium
953 2613 1094 2642 tenente
1117 2610 1198 2649 sole,
1221 2612 1281 2652 qui
1303 2614 1453 2642 exeunte
1475 2611 1617 2643 demum

82 2659 266 2692 Decembri
301 2660 548 2702 Capricornum
582 2662 776 2703 ingreditur
864 2662 928 2693 253
963 2665 1097 2701 frigora
1132 2666 1189 2694 LM
1225 2661 1300 2694 cod.
1339 2662 1492 2694 Venetus
1528 2663 1618 2695 sicut

78 2712 275 2743 coniecerat
294 2712 422 2754 Fayus,
443 2716 574 2751 frigore
593 2713 656 2746 (ΗΡ
746 2714 808 2745 255
822 2713 913 2755 facis
932 2723 1096 2755 creasque
1113 2723 1253 2751 annum,
1275 2714 1334 2754 qui
1354 2717 1430 2745 tum
1450 2715 1614 2747 nascitur.

81 2772 193 2804 neque
216 2764 309 2795 enim
333 2764 406 2795 ueri
429 2764 538 2796 simile
561 2768 615 2796 est
638 2768 680 2797 ut
702 2765 864 2797 Manilius
887 2768 1073 2796 nascentem
1091 2765 1182 2806 sacis
1204 2775 1245 2796 eo
1270 2765 1373 2796 modo
1397 2765 1525 2797 dixerit
1548 2775 1618 2808 quo

84 2813 230 2846 Plautus
252 2815 353 2856 Epid.
377 2816 443 2848 436
463 2825 561 2848 suam
582 2817 640 2856 qut
661 2817 842 2849 undantem
860 2816 1064 2857 chlamydem
1085 2817 1275 2857 quassando
1290 2815 1387 2856 facit,
1410 2816 1618 2849 Trimalchio

85 2865 179 2906 apud
197 2865 399 2898 Petronium
418 2868 459 2898 75
478 2867 498 2898 6
514 2867 637 2899 suadeo
653 2892 660 2899 .
680 2892 687 2899 .
708 2892 714 2899 .
734 2877 785 2899 me
801 2877 869 2899 non
880 2867 993 2909 facias
1010 2867 1192 2908 rinyentem
1281 2867 1345 2898 256
1361 2870 1441 2900 hinc
1455 2867 1616 2911 Scaliger,

844 2932 863 2954 C
