1872 3183
143 119 198 157 76
732 116 792 158 Μ.
827 116 1080 158 MANILII

302 232 429 282 teque
448 227 492 268 in
510 227 660 269 uicinis
680 227 939 278 haerentem,
962 227 1110 278 Gallia,
1132 229 1255 270 terris

302 301 537 358 Italiaeque
557 302 681 344 urbes
701 301 898 344 dextram
917 303 1128 345 sinuantis
1147 304 1191 345 in
1210 304 1371 346 undam

143 467 359 509 Troianaque
374 470 480 502 uenit
497 469 617 502 Acesta
637 468 642 513 1
661 471 782 510 quique
797 479 858 510 per
871 470 1037 502 Aetnaeos
1054 471 1148 503 Acis
1162 472 1246 511 petit
1262 481 1406 512 aequora
1411 470 1501 513 fines
1522 469 1526 514 Ι
1547 474 1574 503 et
1591 469 1683 502 dulci

137 522 266 558 qratam
283 520 432 553 Nereida
452 521 578 561 perluit
598 521 692 553 unda
715 523 902 562 (uenerunt
919 525 1039 554 autem
1063 532 1133 554 non
1158 532 1289 560 amnes,
1313 522 1444 554 nedum
1468 532 1578 563 aquas
1602 522 1683 553 mit-

139 573 255 602 tentes
272 582 334 613 per
350 582 503 613 aequora
519 575 556 603 et
573 572 668 603 unda
686 571 836 604 Nereida
852 572 1063 614 perluentes,
1081 572 1142 604 sed
1158 584 1278 605 eorum
1296 573 1459 613 accolae),
1474 573 1556 605 Luc.
1572 581 1601 604 11
1617 573 1683 604 574

139 622 289 662 expulit
308 627 473 655 armatam
489 624 614 663 patriis
631 634 647 655 e
667 622 801 656 sedibus
820 623 946 655 urbem
964 625 1049 665 (non
1066 624 1149 656 urbs
1165 625 1311 666 expulsa
1328 628 1381 657 est
1398 635 1520 657 uerum
1537 635 1581 656 ex
1598 623 1684 656 urbe

136 673 257 713 ciues),
281 674 356 706 Val.
381 674 430 706 Fl.
463 683 502 706 1v
534 676 644 707 210—2
674 675 722 706 sic
755 675 873 715 inqens
899 675 1018 707 Asiae
1038 675 1156 716 playa
1181 677 1313 717 quique
1335 686 1396 716 per
1416 679 1530 708 arcton
1551 674 1556 719 Ι
1574 675 1684 708 dexter

139 727 168 756 et
182 724 221 756 in
236 725 372 758 laeuum
387 726 536 758 Pontus
551 727 635 758 iacet
650 726 728 757 haec
744 736 817 757 mea
832 727 875 758 ui
880 727 932 758 sit
952 725 958 770 Ι
977 727 1136 767 hospitia.
1183 729 1359 759 contraria
1370 729 1505 759 ratione
1522 727 1686 759 Lucanus

137 784 182 808 111
207 777 360 809 199—204
382 787 463 809 cum
485 778 612 820 insigni
634 779 706 810 siue
727 778 875 810 audacia
897 779 970 810 siue
992 778 1212 820 neglegentia
1234 779 1423 812 deseritur
1444 778 1603 820 Strymon
1619 802 1627 809 .
1647 802 1654 809 .
1677 799 1685 805 -

137 826 321 868 Mysiaque
337 852 344 860 .
364 853 371 860 .
391 853 398 860 .
418 832 470 860 et.
489 853 497 860 .
517 853 524 860 .
543 829 663 862 Arisbe
685 828 690 873 Ι
708 830 850 870 quique
888 829 1020 862 colunt
1061 830 1232 862 Pitanen
1278 834 1330 862 et.
1349 854 1357 862 .
1376 855 1384 862 .
1403 830 1566 862 Celaenae
1611 828 1686 870 (de-

135 881 230 911 serta
252 881 346 912 enim
369 880 494 912 Pitane
518 883 582 918 est,
607 881 668 922 qui
691 881 854 913 colebant
877 891 955 912 eam
979 880 1244 922 deseruerunt);
1280 892 1343 913 nec
1366 892 1444 913 raro
1468 881 1625 914 homines
1648 879 1684 912 id

135 929 250 962 facere
268 932 388 973 patiue
408 931 575 964 dicuntur
593 931 688 973 quod
707 933 774 964 nisi
791 933 829 964 in
846 932 923 964 loca
941 942 1012 964 non
1031 932 1148 964 cadat.
1195 934 1247 964 ita
1267 932 1350 965 Hor.
1371 943 1477 965 carm.
1498 941 1537 965 Ν
1556 934 1577 963 4
1596 933 1686 964 61-4

137 991 206 1013 non
222 1006 230 1013 .
249 1006 256 1014 .
275 1006 283 1014 .
302 986 488 1014 monstrum
505 1007 511 1014 .
531 1007 538 1014 .
559 1008 566 1014 .
585 983 794 1015 submisere
831 983 966 1015 Colchi
987 982 992 1027 Ι
1011 984 1126 1015 maius
1166 983 1393 1016 Echioniaeue
1427 983 1568 1021 Thebae,
1600 993 1682 1025 pan.

136 1032 238 1065 Mess.
262 1034 305 1065 59
326 1044 377 1075 sq.
402 1034 646 1075 Laestryqonas
668 1034 953 1075 Antiphatenque,
976 1033 981 1078 Ι
999 1035 1124 1067 nobilis
1145 1035 1281 1067 Artacie
1301 1035 1411 1076 qelida
1431 1045 1524 1076 quos
1545 1036 1686 1075 irriqat

135 1085 241 1122 unda,
267 1086 330 1117 146
352 1086 486 1117 Hebrus
511 1086 705 1126 Tanaisque
727 1087 840 1118 Getas
869 1087 969 1126 riqat
992 1089 1089 1127 atque
1113 1086 1293 1127 Mammas,
1317 1087 1422 1118 Prud.
1446 1097 1474 1118 c.
1499 1086 1631 1128 Symm.
1657 1095 1686 1118 11

139 1137 204 1168 605
228 1146 322 1176 q-uos
351 1147 494 1177 maynus
518 1138 687 1169 inundat
718 1137 889 1175 Hiberus;
926 1147 1039 1179 neque
1063 1138 1137 1169 iure
1162 1138 1361 1169 Bentleium
1385 1138 1535 1169 haesisse
1558 1139 1595 1169 in
1617 1137 1686 1169 illis

137 1190 248 1228 yentes
263 1212 270 1219 .
289 1212 297 1220 .
317 1212 324 1219 .
343 1198 427 1227 quas
448 1191 535 1220 secat
559 1188 750 1228 Euphrates
772 1189 865 1220 Man.
890 1198 904 1220 1
926 1190 968 1221 43
991 1199 1041 1230 sq.
1067 1189 1223 1221 ostendit
1245 1189 1366 1220 similis
1388 1190 1500 1221 oratio
1522 1190 1559 1221 in
1582 1189 1682 1229 Verg.

137 1239 223 1270 Aen.
254 1248 307 1271 vn
333 1240 399 1271 716
426 1250 476 1281 sq.
504 1240 690 1280 populique
717 1240 837 1272 Latini
857 1238 862 1283 Ι
881 1250 1025 1281 quosque
1051 1250 1168 1272 secans
1195 1241 1385 1282 infaustum
1412 1240 1564 1272 interluit
1590 1239 1687 1272 Allia

138 1300 269 1322 nomen.
316 1290 377 1322 sed
398 1292 541 1333 propius
563 1291 608 1323 ad
625 1291 718 1323 hunc
740 1291 782 1322 de
805 1301 875 1332 quo
896 1290 1119 1333 disputamus
1140 1301 1280 1323 uersum
1298 1290 1471 1323 accedunt
1491 1291 1574 1323 Luc.
1590 1300 1604 1323 1
1620 1291 1690 1323 420

137 1351 188 1383 sq.
212 1351 279 1382 qua
303 1342 398 1374 litore
422 1352 526 1374 curuo
546 1341 551 1385 Ι
570 1342 712 1374 molliter
736 1343 924 1374 admissum
948 1342 1096 1375 claudit
1121 1343 1363 1374 Tarbellicus
1387 1352 1526 1383 aequor
1547 1345 1583 1374 et
1605 1342 1684 1375 Sen.

137 1393 216 1424 Tro.
243 1394 284 1425 10
301 1404 352 1435 sq.
375 1394 441 1434 qui
462 1397 615 1426 renatum
638 1395 773 1434 primus
799 1394 969 1434 excipiens
994 1394 1082 1426 diem
1103 1393 1108 1438 Ι
1127 1394 1277 1434 tepidum
1302 1393 1434 1426 rubenti
1457 1394 1596 1434 Tiqrin
1620 1394 1686 1426 im-

139 1445 271 1476 miscet
292 1444 393 1486 sreto
420 1445 532 1486 (miles
556 1445 814 1485 Memnonius);
853 1445 1030 1478 simillima
1058 1456 1141 1477 uero
1169 1449 1252 1477 sunt
1278 1448 1314 1477 et
1342 1446 1474 1488 pariter
1498 1446 1686 1488 imaginem

138 1497 249 1528 menti
268 1497 426 1528 obiciunt
445 1496 490 1528 ad
508 1501 646 1530 nostros
665 1507 785 1529 sensus
804 1507 914 1538 paene
933 1497 1115 1529 ridiculam
1134 1497 1238 1529 Mart.
1259 1500 1367 1538 spect.
1389 1498 1408 1529 3
1427 1498 1494 1529 4-6
1512 1497 1630 1529 uenit.
1649 1521 1656 1528 .
1677 1521 1684 1528 .

138 1547 299 1580 Sarmata
314 1573 321 1580 .
341 1573 348 1580 .
368 1573 375 1580 .
395 1552 424 1579 et
444 1559 552 1589 quem
576 1559 753 1589 supremae
779 1548 922 1589 Tethyos
942 1549 1048 1581 unda
1065 1549 1164 1590 ferit
1184 1552 1220 1580 et
1242 1548 1299 1581 Sil.
1324 1558 1337 1580 1
1358 1549 1469 1581 234—6
1491 1548 1689 1588 Duriusque

141 1599 320 1640 Taqusque
340 1598 345 1643 1
363 1601 485 1640 quique
508 1610 624 1640 super
647 1600 814 1632 Grauios
843 1600 984 1632 lucentis
1012 1600 1137 1632 uoluit
1161 1599 1327 1632 harenas
1348 1598 1353 1643 Ι
1372 1600 1525 1642 infernae
1546 1600 1689 1640 populis

138 1651 282 1693 referens
305 1651 434 1683 obliuia
456 1651 582 1683 Lethes.
631 1651 716 1693 quid
740 1652 835 1693 quod
857 1652 965 1683 etiam
988 1662 1110 1693 prosae
1134 1652 1301 1683 orationis
1324 1652 1521 1693 scriptores,
1545 1651 1636 1683 Mela
1659 1660 1689 1683 11

139 1703 172 1740 6,
191 1702 334 1734 Tacitus
352 1702 467 1734 Germ.
488 1704 530 1734 45
549 1704 580 1740 2,
599 1706 720 1744 gentes
739 1703 822 1734 allui
840 1702 974 1740 dicunt,
993 1702 1291 1744 quemadmodum
1309 1703 1382 1744 ipse
1400 1702 1563 1734 Manilius
1581 1712 1688 1744 supra

139 1764 198 1785 uu.
218 1755 328 1785 597-9
343 1757 485 1793 pontum
501 1777 509 1785 .
529 1777 536 1784 .
556 1777 563 1784 .
582 1754 641 1793 qui
657 1778 664 1784 .
684 1777 691 1784 .
711 1778 718 1785 .
738 1753 910 1785 Numidas
927 1777 934 1784 .
953 1777 961 1784 .
980 1777 988 1785 .
1006 1753 1107 1785 alluit
1123 1756 1136 1785 ⁶?
1185 1753 1238 1784 his
1256 1752 1386 1784 addam
1403 1753 1687 1785 emendationem

140 1814 161 1836 a
180 1814 235 1836 me
255 1808 337 1836 ante
357 1804 486 1836 multos
506 1814 615 1835 annos
634 1804 809 1845 prolatam
828 1814 949 1836 uersus
968 1804 1188 1846 Propertiani
1207 1813 1245 1836 IV
1264 1806 1284 1836 3
1306 1805 1357 1842 10,
1378 1804 1439 1836 ubi
1457 1804 1536 1836 libri
1554 1804 1687 1835 habent

139 1859 170 1887 te
200 1856 296 1888 modo
328 1856 486 1888 uiderunt
503 1880 510 1887 .
529 1880 537 1887 .
556 1880 563 1887 .
586 1856 709 1887 Bactra
725 1880 732 1887 .
753 1880 759 1887 .
779 1880 786 1887 .
806 1855 1024 1896 hibernaeque
1056 1856 1154 1887 Getae
1170 1879 1178 1887 .
1197 1879 1205 1886 .
1225 1880 1232 1887 .
1251 1859 1347 1886 ustus
1380 1858 1408 1887 et
1442 1855 1516 1887 an
1547 1855 1690 1887 discolor

141 1907 253 1939 Indus
276 1917 374 1948 aqua.
423 1907 574 1938 alienum
599 1907 781 1948 epitheton
806 1911 898 1939 recte
923 1907 1140 1939 Passeratius
1164 1908 1200 1938 in
1224 1907 1351 1939 decolor
1373 1908 1529 1939 mutauit
1552 1906 1690 1939 collatis

141 1958 244 1991 Ouid.
261 1962 326 1990 art.
344 1967 387 1990 ΙΙΙ
405 1960 467 1990 130
481 1968 562 1998 quos
577 1959 653 1999 leyit
668 1959 705 1990 in
720 1959 828 1990 uiridi
843 1959 969 1990 decolor
986 1959 1096 1990 Indus
1111 1968 1210 1999 aqua,
1226 1959 1317 1990 trist.
1335 1967 1358 1989 v
1373 1959 1392 1991 3
1408 1959 1451 1990 24
1465 1968 1691 1999 quascumque

139 2010 222 2043 bibit
238 2010 364 2042 decolor
385 2011 494 2042 Indus
511 2019 627 2050 aquas,
646 2013 728 2042 met.
749 2019 787 2042 1v
805 2011 844 2042 21
865 2010 991 2042 decolor
1008 2035 1014 2041 .
1035 2034 1041 2041 .
1062 2035 1069 2041 .
1090 2010 1207 2048 India,
1226 2011 1262 2041 in
1279 2010 1407 2051 quibus
1425 2010 1587 2042 omnibus
1604 2010 1690 2042 locis

140 2072 221 2103 pars
247 2061 407 2093 codicum
434 2062 597 2094 discolor:
638 2061 735 2093 adice
762 2062 837 2093 Tib.
867 2070 905 2093 1v
931 2063 951 2093 2
982 2063 1021 2093 19
1048 2071 1099 2102 sq.
1127 2062 1245 2101 niqer.
1264 2086 1272 2093 .
1292 2086 1299 2092 .
1316 2062 1494 2101 proximus
1523 2061 1606 2093 Eois
1622 2086 1630 2093 .
1650 2085 1656 2092 .
1677 2086 1686 2092 .

143 2112 254 2145 Indus
280 2114 387 2153 aquis.
436 2113 496 2145 sed
522 2113 587 2144 hoc
613 2123 684 2144 non
710 2113 848 2150 sufficit,
875 2123 958 2145 nam
984 2123 1097 2154 neque
1123 2116 1220 2144 ustus
1245 2113 1372 2145 decolor
1397 2113 1598 2154 Propertius
1624 2123 1689 2154 pro

141 2164 269 2196 decolor
279 2164 393 2206 sactus
410 2165 535 2196 urendo
552 2174 664 2205 neque
685 2164 757 2196 an
774 2174 863 2205 aqua
878 2175 941 2206 pro
959 2164 1004 2196 ad
1022 2164 1129 2196 anm
1141 2174 1263 2204 aquam
1277 2164 1411 2204 positus
1427 2163 1540 2195 dicere
1556 2165 1689 2206 potuit,

141 2226 255 2257 neque
273 2217 461 2247 coniuncta
480 2215 587 2246 uerba
605 2218 701 2246 ustus
722 2215 795 2247 an
813 2225 902 2255 aqua
920 2216 1027 2247 alium
1046 2216 1082 2246 in
1100 2225 1135 2246 se
1154 2216 1337 2247 continent
1355 2225 1396 2246 ae
1414 2225 1497 2257 prae
1516 2225 1551 2246 se
1569 2215 1690 2247 ferunt

141 2277 293 2304 sensum,
319 2267 380 2308 qui
403 2267 639 2309 perabsurdus
672 2270 735 2298 est.
783 2266 849 2298 feei
881 2277 961 2307 ergo
999 2267 1101 2298 unius
1127 2266 1265 2298 litterae
1290 2266 1496 2298 traiectione
1526 2269 1635 2297 tusus
1660 2269 1692 2298 et

144 2318 218 2349 an
239 2318 366 2350 decolor
390 2318 500 2349 Indus
521 2327 621 2357 aqua,
644 2320 685 2348 ut
707 2321 813 2358 poeta
836 2318 995 2348 imitatus
1018 2318 1064 2348 sit
1087 2317 1211 2349 Catull.
1239 2318 1276 2348 ll
1302 2318 1367 2347 2-4
1389 2317 1427 2348 in
1450 2320 1630 2349 extremos.
1651 2342 1657 2349 .
1678 2342 1689 2349 .

144 2368 261 2406 Indos,
284 2367 288 2412 Ι
308 2369 389 2400 litus
406 2372 441 2399 ut
458 2369 550 2408 lonqe
567 2371 739 2399 resonante
758 2368 831 2399 an
852 2366 856 2411 Ι
876 2369 1029 2400 tunditur
1045 2368 1149 2406 unda,
1166 2367 1314 2399 fortasse
1330 2368 1438 2399 etiam
1455 2368 1555 2410 Verg.
1573 2378 1687 2410 georg.

142 2429 186 2451 111
205 2421 270 2453 382
289 2431 368 2460 qens
388 2420 513 2461 effrena
532 2420 646 2450 uirum
668 2419 821 2458 Riphaeo
840 2419 993 2451 tunditur
1015 2419 1107 2450 Euro
1197 2419 1260 2450 603
1281 2418 1464 2450 haerentem
1485 2419 1689 2461 Hispaniae,

142 2471 341 2509 finitimam,
358 2474 398 2502 ut
413 2480 456 2502 111
471 2472 547 2508 466,
565 2480 601 2501 1v
617 2471 693 2508 356,
710 2471 786 2507 860,
802 2470 863 2501 ubi
878 2471 1005 2502 iterum
1021 2469 1156 2501 accedit
1167 2470 1306 2501 uicinus
1321 2469 1545 2502 adiectiuum.
1594 2470 1689 2512 quod

143 2526 263 2554 autem
288 2523 423 2554 uicinae
447 2525 559 2553 terrae
585 2525 768 2562 tamquam
794 2532 814 2552 a
839 2522 952 2553 Gallia
977 2521 1133 2552 diuersae
1158 2524 1488 2560 commemorantur,
1513 2532 1594 2553 cum
1618 2523 1690 2554 sint

141 2574 296 2611 eaedem,
315 2573 358 2604 de
375 2583 416 2605 eo
433 2573 598 2614 loquendi
615 2583 738 2614 genere
756 2572 829 2604 dixi
847 2572 892 2603 ad
910 2582 923 2604 1
941 2573 1006 2604 539
1024 2576 1060 2603 et
1078 2581 1121 2604 111
1138 2573 1215 2610 496,
1234 2582 1316 2603 mox
1334 2572 1434 2613 plura
1451 2572 1611 2614 exempla
1629 2572 1689 2604 ad-

142 2625 278 2657 laturus
310 2635 387 2656 sum
478 2625 543 2655 604
574 2627 753 2656 sinuantis
786 2623 861 2661 GL2,
886 2627 1039 2655 sinuatis
1070 2627 1140 2661 LM,
1170 2623 1382 2654 insinuantis
1412 2623 1574 2665 Scaliger,
1606 2624 1690 2664 quia

142 2677 281 2709 sinuare
306 2676 372 2708 nisi
396 2685 476 2707 cum
503 2676 703 2707 accusatiuo
729 2685 799 2706 non
825 2678 1001 2716 ponatur;
1040 2675 1135 2716 quod
1157 2678 1197 2706 ut
1222 2674 1264 2706 de
1290 2675 1397 2706 uerbo
1423 2685 1545 2706 uerum
1570 2675 1626 2711 sit,
1653 2675 1689 2705 in

142 2728 367 2769 participium
393 2727 586 2768 praesentis
612 2736 682 2757 non
708 2725 814 2763 ualet,
841 2725 1014 2767 siquidem
1040 2725 1217 2767 quadrigis
1243 2725 1373 2757 uehens
1399 2725 1485 2757 nihil
1505 2725 1602 2757 uehit
1628 2725 1688 2757 sed

142 2780 216 2820 ipse
235 2778 387 2815 uehitur,
408 2777 601 2809 uoluuntur
619 2787 709 2818 quae
729 2777 899 2818 Vergilius
913 2777 1086 2809 uoluentia
1106 2777 1260 2818 appellat
1280 2777 1448 2818 plaustra,
1469 2776 1626 2809 Catullus
1646 2777 1692 2808 64

144 2831 208 2862 149
237 2830 275 2861 in
303 2830 410 2861 medio
438 2832 625 2860 uersantem
653 2828 783 2859 turbine
812 2828 868 2860 leti
896 2828 1079 2870 descripsit
1108 2829 1168 2869 qui
1196 2829 1231 2859 in
1259 2838 1300 2859 eo
1328 2827 1536 2860 uersabatur
