1872 3183
591 135 1077 181 ASTRONOMICON
1109 136 1175 177 IV
1603 138 1657 175 25

160 255 227 287 185
283 252 327 289 et
346 247 502 289 laceros
521 250 639 288 artus
659 245 920 301 suspendant
939 245 1077 286 fronte
1097 244 1298 286 tabernae

283 321 556 375 luxuriaeque
575 325 727 375 parent
746 320 918 362 caedem
938 323 1178 374 mortesque
1196 317 1421 360 lucrentur.

283 395 497 450 ingenium
516 394 572 435 ad
591 394 754 435 subitas
772 394 855 435 iras
875 393 1092 448 facilisque
1111 406 1295 434 recessus

284 468 457 524 aequale
476 473 520 510 et
538 483 644 523 puro
663 468 874 510 sententia
893 472 1062 523 pectore
1081 466 1270 521 simplex.

338 548 384 584 at
403 542 557 598 quibus
576 542 756 597 Erigone
776 542 886 583 dixit
905 541 1176 582 nascentibus
1196 554 1349 582 aeuum

163 624 226 656 191
284 617 339 658 ad
360 616 549 658 studium
568 616 695 658 ducet
715 630 850 657 mores
869 620 913 657 et
932 620 1104 670 pectora
1124 615 1260 656 doctis

126 733 255 765 bantur
274 733 366 765 Vlixi
385 733 528 765 comites
548 742 635 774 quos
655 732 809 764 humana
827 732 940 764 forma
959 731 1057 763 Circa
1075 734 1230 768 exuerat,
1252 731 1352 772 quale
1373 730 1458 762 nihil
1478 730 1577 762 laniis
1598 732 1660 760 aut

124 784 328 817 macellariis
349 795 414 816 usu
435 785 542 816 uenit.
592 784 768 816 Bentleius
792 783 957 824 pecudum
982 783 1020 814 in
1046 786 1185 820 mortem
1220 782 1369 814 Iacobus
1395 792 1506 823 progr.
1531 781 1657 813 Lubec.

125 846 179 868 an.
201 837 284 868 1832
304 846 336 877 p.
355 836 394 867 19
414 835 452 866 in
471 834 635 872 membris,
656 844 725 875 quo
744 834 839 865 haud
856 834 926 865 scio
945 844 989 865 an
1007 834 1191 875 significari
1208 834 1319 875 possit
1337 833 1448 865 lanios
1468 832 1660 874 pecudibus

125 886 346 918 membratim
369 886 554 918 caedendis
578 887 677 927 quasi
700 886 920 917 latrocinium
943 884 1121 926 quoddam
1144 894 1312 922 exercere,
1336 884 1430 926 quod
1454 883 1496 915 de
1520 883 1661 914 medicis

125 937 242 970 Celsus
261 937 350 969 dixit
369 948 519 979 prooem.
541 938 583 969 42
602 937 724 968 mortui
742 936 874 968 demum
890 936 1085 976 praecordia
1105 939 1132 967 et
1151 936 1266 967 uiscus
1283 945 1379 967 omne
1397 936 1435 966 in
1453 938 1661 975 conspectum

126 989 358 1020 latrocinantis
384 989 504 1020 medici
531 989 615 1020 dari.
664 987 827 1019 mandras
852 998 912 1027 per
940 987 1090 1018 mediam
1118 987 1239 1018 urbem
1266 989 1440 1028 grassatas
1468 989 1664 1027 queruntur

125 1039 295 1071 Martialis
313 1049 336 1071 v
354 1041 397 1071 22
416 1041 434 1072 7
454 1040 576 1080 uixque
594 1039 693 1071 datur
709 1039 824 1079 lonqas
841 1038 1008 1070 mulorum
1025 1048 1177 1078 rumpere
1195 1038 1354 1069 mandras
1371 1040 1407 1069 et
1426 1037 1601 1068 quenalis
1621 1045 1664 1068 111

124 1092 189 1123 237
217 1101 268 1132 sq.
298 1091 418 1122 stantis
444 1091 600 1122 conuicia
626 1090 784 1122 mandrae
806 1088 810 1133 Ι
830 1090 972 1130 eripient
998 1100 1162 1120 sommum.
1210 1088 1388 1130 grassandi
1416 1089 1508 1120 actio
1536 1088 1576 1119 fit
1603 1098 1665 1129 per

124 1142 288 1174 mandras
311 1143 401 1174 sicut
425 1153 486 1184 per
509 1152 617 1183 equos
640 1141 832 1173 insultandi
856 1141 955 1173 Lucr.
982 1150 1026 1172 111
1053 1142 1136 1173 1032
1161 1140 1356 1181 contempsit
1379 1140 1472 1181 equis
1496 1139 1665 1171 insultam

124 1203 300 1225 murmura
313 1194 411 1234 ponti
501 1193 562 1224 185
581 1197 798 1231 suspendant
815 1192 890 1230 GL2,
904 1196 1098 1231 suspendat
1114 1195 1172 1224 ΒΜ
1263 1191 1324 1222 186
1342 1195 1474 1223 mortes
1491 1195 1537 1228 M,
1549 1200 1663 1223 mores

125 1248 174 1276 GL
203 1244 279 1276 cod.
298 1244 462 1277 Venetus.
510 1244 595 1275 illud
622 1244 773 1276 Huetius
805 1244 869 1275 ‘ex
900 1253 1064 1285 pecorum
1097 1242 1202 1274 caede
1235 1242 1369 1274 lucrum
1398 1242 1566 1279 faciunt’,
1597 1241 1661 1273 hoc

126 1296 304 1328 Bentleius
334 1295 399 1327 ‘ex
428 1296 582 1327 moribus
609 1295 756 1337 publicis
783 1295 917 1327 lucrum
944 1294 1100 1326 faciunt’
1131 1297 1282 1332 enarrat,
1311 1295 1371 1335 qui
1398 1294 1523 1325 uellem
1550 1293 1664 1326 locum

125 1346 339 1379 indicassent
370 1346 430 1379 ubi
461 1346 586 1378 lucram·
617 1346 747 1387 aliquid
777 1347 828 1377 ita
859 1349 1067 1387 usurpatum
1098 1346 1144 1377 sit
1175 1348 1216 1377 ut
1246 1347 1418 1386 κερδαίνειν
1446 1348 1480 1377 ’ἐκ
1507 1358 1597 1377 τινοσ·
1626 1355 1665 1377 ac

126 1408 198 1429 non
226 1399 397 1439 κερδαίνειν
425 1411 456 1429 τι
480 1397 659 1439 significet.
707 1397 869 1438 equidem
893 1398 941 1428 sic
964 1398 1197 1438 interpretor:
1229 1397 1355 1428 atrocis
1379 1397 1485 1428 animi
1508 1396 1664 1428 homines

125 1452 162 1480 et
179 1449 283 1480 caede
301 1448 493 1491 gaudentes
505 1449 617 1490 ipsam
632 1458 750 1480 necem
768 1448 958 1490 pecudibus
976 1458 1063 1489 quas
1080 1447 1214 1479 macelli
1231 1451 1267 1479 et
1286 1447 1541 1479 luxuriosorum
1560 1458 1666 1479 causa

126 1499 291 1532 occidunt
315 1500 449 1531 illatam
474 1501 510 1531 in
535 1500 629 1531 lucro
654 1503 800 1541 ponunt.
850 1503 986 1541 partem
1011 1500 1084 1530 ueri
1109 1499 1198 1530 uidit
1223 1499 1372 1530 Iacobus
1397 1509 1509 1540 progr.
1536 1499 1666 1530 Lubec.

126 1561 181 1582 an.
208 1551 293 1583 1832
315 1561 347 1592 p.
375 1552 425 1588 19,
448 1551 485 1581 in
506 1561 546 1582 eo
568 1551 676 1582 falsus
697 1550 792 1592 quod
813 1550 1022 1592 gladiatores
1043 1552 1079 1581 et
1102 1549 1282 1581 bestiarios
1303 1550 1538 1591 intellegebat,
1561 1560 1665 1591 quem

127 1601 288 1643 scaligeri
321 1612 470 1634 errorem
504 1605 701 1633 correxerat
736 1601 912 1633 Bentleius
1005 1602 1064 1632 187
1099 1610 1255 1633 recessus
1289 1601 1364 1638 GL2,
1398 1611 1561 1633 recensus
1594 1605 1666 1639 Lm,

127 1656 276 1694 receptus
299 1653 476 1684 Bentleius
569 1653 629 1683 188
653 1652 798 1692 aequale,
818 1655 893 1683 tam
916 1651 961 1683 ad
985 1651 1046 1683 hos
1070 1662 1176 1692 quam
1200 1651 1244 1683 ad
1266 1652 1342 1683 illas
1365 1662 1575 1693 propensum

171 1714 259 1742 puro
293 1704 374 1736 Vrb.
410 1705 475 1735 668
507 1706 543 1735 et
572 1704 668 1735 Voss.
704 1705 754 1741 18,
785 1713 894 1742 puero
928 1707 1023 1741 (ΗΜ,
1051 1703 1143 1734 idem
1168 1714 1263 1734 error
1288 1703 1372 1735 Hor.
1396 1714 1495 1735 serm.
1528 1713 1540 1735 1
1566 1705 1586 1734 4
1611 1705 1666 1741 54,

128 1755 230 1797 Prop.
265 1764 294 1787 11
329 1757 368 1787 13
402 1756 452 1787 12.
507 1758 623 1796 pectus
654 1765 780 1795 purum
809 1756 878 1787 iam
914 1755 1076 1786 dixerant
1105 1754 1250 1792 Ennius,
1281 1755 1443 1793 Lucilius,
1474 1755 1666 1793 Lucretius,

128 1806 308 1844 Horatius,
335 1806 452 1838 culicis
474 1810 580 1848 poeta
671 1806 820 1837 189-202
847 1806 984 1847 Virgine
1011 1808 1202 1837 nascuntur
1227 1806 1346 1847 quales
1373 1806 1532 1838 Mercurii
1558 1806 1668 1838 domi-

127 1860 205 1892 cilio
231 1860 325 1901 (uide
346 1859 391 1891 ad
416 1861 492 1900 152)
515 1860 609 1891 nasci
632 1862 905 1891 consentaneum
930 1862 994 1896 est,
1020 1859 1203 1891 doctarum
1227 1861 1354 1891 artium
1375 1860 1533 1898 studiosi,
1554 1870 1667 1892 rerum

129 1914 276 1943 naturae
302 1911 578 1952 inuestigatores‚
607 1910 819 1951 eloquentes,
855 1911 1080 1951 perspicaces,
1111 1911 1261 1948 notarii3
1297 1914 1476 1952 praeterea
1509 1911 1668 1953 uirginali

130 1961 339 1994 uerecundia
358 1965 394 1993 et
414 1961 555 1993 steriles.
604 1961 707 1992 Firm.
732 1970 753 1992 v
778 1963 792 1993 l
821 1962 861 1992 16
884 1961 915 1992 si
938 1961 975 1992 in
1004 1961 1139 2001 Virqiue
1160 1961 1357 2002 horoscopus
1371 1961 1477 2002 suerit
1496 1962 1666 1999 inuentus,

131 2013 192 2045 erit
209 2037 215 2044 .
235 2037 243 2044 .
262 2036 270 2044 .
288 2012 394 2044 multa
410 2012 517 2043 sciens
539 2015 567 2043 et
588 2012 740 2043 omnium
761 2012 1020 2052 disciplinarum
1045 2015 1165 2044 secreta
1187 2013 1383 2053 perquirens
1399 2037 1406 2044 .
1426 2037 1434 2044 .
1453 2036 1460 2045 .
1480 2016 1508 2044 et
1529 2013 1585 2045 cui
1602 2037 1609 2045 .
1629 2038 1636 2045 .
1657 2038 1663 2044 .

132 2067 217 2099 docti
239 2066 400 2098 sermonis
424 2066 532 2106 qratia
547 2089 555 2097 .
575 2090 582 2097 .
602 2090 609 2097 .
628 2075 750 2106 magna
769 2065 916 2106 felicitas
933 2090 939 2097 .
959 2089 967 2097 .
986 2089 994 2097 .
1012 2065 1210 2107 conferatur,
1236 2066 1398 2098 C.C.A.G.
1424 2075 1492 2098 v111
1517 2067 1540 2098 ii
1566 2077 1598 2108 p.
1625 2067 1670 2099 33

131 2119 301 2159 Παρθένοσ
323 2120 373 2149 εἰσ
390 2119 426 2149 τὸ
444 2118 574 2149 συνετὸν
592 2119 644 2148 καὶ
661 2118 815 2157 ἀγχίνουν
834 2118 1098 2158 (συμβάλλεται),
1115 2117 1209 2149 Vett.
1228 2117 1302 2149 Val.
1321 2127 1354 2159 p.
1375 2117 1415 2149 10
1439 2118 1522 2149 13—5
1539 2120 1669 2157 ἀγαθοὶ,

129 2171 313 2207 αἰδήμονεσ,
327 2192 335 2200 .
352 2192 359 2200 .
375 2192 383 2200 .
399 2170 634 2208 πολυμέριμνοι,
649 2191 657 2199 .
673 2191 680 2199 .
696 2192 704 2199 .
720 2170 924 2208 ’γραμματεῖο-
941 2169 1006 2199 ἀπὸ
1022 2169 1128 2207 λόγων
1145 2170 1164 2206 ἦ
1181 2169 1297 2208 ψήφων
1316 2169 1505 2208 ἀναγόμενοι
1519 2169 1668 2209 (uictum

130 2220 325 2260 habentes),
347 2219 441 2252 Sext.
462 2229 552 2261 emp.
579 2221 660 2260 πρὸο·
684 2221 774 2255 ἀστρ.
797 2219 840 2250 95
858 2220 873 2250 ὁ
894 2220 927 2250 δὲ
947 2221 979 2250 ἐν
997 2220 1151 2259 Παρθένῳ
1168 2242 1175 2250 .
1195 2242 1202 2250 .
1222 2243 1229 2250 .
1248 2220 1360 2258 ἅπαισ,
1381 2221 1531 2258 αἰδήμων.
1579 2219 1668 2251 adde

131 2271 221 2304 Ptol.
250 2274 329 2303 tetr.
357 2281 390 2313 p.
418 2272 461 2303 43
488 2272 503 2303 ὀ
536 2272 569 2302 δὲ
600 2273 656 2302 τοῦ
681 2270 796 2311 Ἐρμοῦ
823 2272 927 2310 ἀστὴρ
943 2294 950 2301 .
970 2294 978 2301 .
996 2293 1005 2302 .
1022 2272 1107 2301 ποιεῖ
1137 2272 1216 2301 τοὺο·
1248 2272 1468 2310 ’γεννωμένουσ
1499 2274 1664 2310 συνετοὺσ,

131 2326 301 2364 ἀγχίνουσ,
325 2325 496 2362 νοήμονασ,
522 2324 751 2363 πολυίστορασ,
777 2323 967 2362 εὑρετικοὺσ,
995 2323 1173 2362 ἐμπείρουσ,
1199 2324 1417 2362 λογιστικοὺσ,
1436 2325 1667 2363 εὐεργετικοὺσ,

134 2376 407 2415 ἐπιλογιστικοὺσ,
443 2375 666 2414 θεωρητικοὺσ,
702 2375 955 2412 μαθηματικοὺσ,
995 2375 1243 2414 μυστηριακοὺσ,
1279 2375 1518 2406 ἐπιτευκτικοὺο·
1610 2374 1671 2405 189

135 2430 174 2458 at
199 2429 235 2463 G,
262 2435 284 2457 a
308 2429 367 2457 ΕΜ
455 2427 546 2457 dixit
570 2428 628 2457 ΒΜ
651 2427 687 2456 et
712 2435 803 2456 man.
833 2425 848 2456 l
875 2434 937 2465 pro
961 2434 1033 2456 uar.
1065 2434 1127 2456 scr.
1159 2428 1195 2461 G,
1226 2428 1327 2457 duxit
1351 2428 1376 2457 G
1401 2424 1476 2457 cod.
1503 2425 1673 2463 Venetus,

135 2477 216 2509 uide
254 2476 299 2508 ad
338 2477 399 2508 137
506 2476 567 2507 190
608 2485 667 2507 ora
709 2477 801 2516 (opta
837 2479 883 2512 Μ,
921 2478 1001 2515 apta
1042 2475 1236 2515 Bentleius)
1275 2476 1463 2516 mayisterio
1501 2476 1670 2518 nudosque

135 2528 297 2570 (nodoque
339 2527 501 2569 Scaliger)
543 2527 681 2559 coercita
720 2527 815 2567 uirqo
851 2529 932 2568 post
972 2526 1034 2557 201
1072 2526 1248 2558 collocaui.
1308 2527 1451 2565 nodum,
1493 2537 1563 2569 quo
1605 2528 1670 2570 ipsi

135 2579 311 2621 Virginem
333 2581 569 2615 coercuerunt,
591 2577 721 2610 frustra
742 2577 904 2619 expedire
925 2578 1042 2609 conati
1064 2579 1193 2619 partim
1215 2578 1361 2610 crinium
1383 2579 1670 2620 interpretantur,

135 2631 266 2673 partim
282 2630 444 2666 uestium,
462 2630 590 2671 partim
608 2639 677 2670 quo
694 2640 729 2661 se
748 2629 895 2670 Erigone
912 2628 1140 2670 suspenderat
1156 2629 1330 2670 laqueum,
1350 2630 1526 2661 Bentleius
1543 2631 1670 2662 articu-

134 2685 207 2717 lum
240 2684 322 2715 anni
354 2683 652 2724 aequinoctialem,
686 2682 835 2724 Scaliger
865 2683 980 2724 ipsum
1012 2683 1272 2724 magisterium;
1318 2693 1466 2724 quorum
1497 2683 1667 2715 nodorum

134 2736 249 2768 nullus
261 2745 332 2767 non
343 2735 459 2776 inepte
472 2734 646 2775 Virginem
659 2735 919 2776 magistram‚ut
931 2744 963 2766 u.
979 2734 1042 2766 382
1055 2734 1502 2775 appellatur,constringere
1515 2734 1668 2777 fingitur,

137 2797 226 2829 quae
251 2796 405 2818 coercere
431 2785 545 2823 debet,
572 2795 642 2817 non
666 2785 822 2817 coerceri.
871 2785 1082 2826 transposito
1110 2795 1211 2817 uersu
1236 2785 1333 2816 effeci
1359 2788 1399 2817 ut
1424 2784 1509 2817 illud
1533 2786 1671 2818 coercita

135 2839 203 2871 alio
216 2837 385 2870 referatur
471 2836 530 2867 191
542 2839 646 2869 ducet
660 2836 848 2874 Bentleius,
862 2838 959 2868 ducit
970 2835 1049 2868 libri
1134 2846 1238 2868 mores
1252 2836 1296 2868 ad
1307 2836 1462 2868 studium
1473 2836 1553 2869 duci
1566 2837 1675 2869 Bent›
