1872 3183
590 141 1075 186 ASTRONOMICON
1108 140 1174 181 IV
1590 139 1645 176 57

148 264 216 295 470
273 255 328 297 ad
347 255 570 297 decumam
589 269 663 296 nec
685 259 837 310 quarta
856 267 931 295 nec
952 258 1104 294 octaua
1127 250 1244 292 utilis
1264 262 1468 304 umquam
1487 262 1495 296 ·,

273 329 467 385 proxima
485 329 637 384 uiginti
656 328 840 370 numeris
858 332 901 369 et
921 331 1075 382 quarta
1094 324 1308 367 timendae

277 409 320 446 et
340 418 448 458 quae
467 408 531 445 ter
551 403 772 445 decumam
791 401 951 444 claudit
971 415 1058 442 sors
1078 399 1229 441 ultima
1248 402 1427 453 partem.

115 584 300 625 Rhodopes,
317 586 401 618 1825
414 585 599 623 Alcmenes,
615 585 690 618 Oct.
707 586 772 618 389
786 584 940 621 Phoebes,
956 584 1047 615 Pers.
1064 592 1101 614 Iv
1116 583 1157 615 20
1174 580 1407 618 Dinomaches,
1423 589 1445 611 v
1459 580 1479 611 8
1494 579 1649 616 Procnes,

113 636 196 668 Luc.
218 646 262 668 111
281 638 343 669 441
368 637 532 675 Dodones,
554 646 577 668 v
600 638 659 669 101
684 636 862 674 Inarimes,
884 644 922 667 1x
942 637 1005 667 377
1026 634 1156 675 Libyes,
1178 635 1243 665 624
1262 632 1393 673 Libyes,
1414 632 1478 663 659
1501 631 1649 667 Danaes,

114 688 189 720 Val.
210 688 259 720 Fl.
279 697 293 720 Ι
310 689 374 721 738
391 688 556 726 Pleiones,
576 697 604 720 11
621 690 664 721 67
682 688 846 724 Pleiones,
868 688 930 719 174
950 687 1112 727 Dryopes,
1129 686 1194 717 495
1213 684 1362 720 Nemees,
1380 692 1403 714 v
1418 684 1482 715 335
1499 683 1531 714 H
1536 685 1649 717 ecates,

114 747 167 770 VII
198 739 261 771 607
294 739 424 780 Libyes,
457 738 517 771 Sil.
551 748 564 770 1
597 739 639 770 23
672 738 801 779 Libyes,
836 747 878 769 111
912 738 954 769 58
989 736 1192 778 Cymothoes,
1227 736 1291 767 203
1325 734 1487 775 Cyllenes,
1513 742 1551 764 1v
1585 734 1649 764 628

115 790 270 830 Cyrenes,
312 799 381 822 vm
422 791 486 822 650
527 789 658 831 Libyes,
699 799 738 822 x1
782 791 845 821 144
885 789 1043 829 Pyrenes,
1082 796 1151 819 x111
1197 788 1262 819 494
1309 786 1437 827 Cyme&
1483 794 1547 817 x1v
1589 785 1647 816 121

119 840 303 881 Rhodopes,
338 841 427 873 Stat.
464 841 572 872 Theb.
609 850 623 873 1
656 842 720 873 297
754 840 880 877 Lethes,
916 848 959 870 111
997 840 1062 870 604
1100 837 1251 874 Pholoes,
1281 846 1334 868 vn
1365 838 1385 868 5
1423 836 1553 876 Teqees,
1586 836 1649 866 267

114 891 231 932 Hyles,
261 892 335 923 silu.
363 901 406 923 111
434 893 448 924 1
476 893 518 924 30
544 892 694 930 Nemees,
719 901 757 924 1v
782 893 802 923 2
827 892 870 923 46
897 890 1081 930 Rhodopes,
1112 890 1131 921 6
1160 890 1200 920 41
1232 888 1382 925 Nemees,
1410 888 1511 919 Mart.
1542 890 1649 928 spect.

116 944 136 974 6
161 944 181 975 3
207 943 356 981 Nemees,
375 953 388 975 1
413 945 455 976 92
481 945 502 976 6
526 944 680 980 Chiones,
702 952 756 975 vn
781 944 822 975 73
848 944 868 975 3
895 942 1038 983 Cybeles,
1061 950 1132 973 xm
1155 941 1197 972 64
1222 941 1242 971 2
1267 939 1411 980 Cybeles,
1433 939 1510 970 qu.
1538 947 1566 970 II
1591 940 1649 970 lll

115 995 260 1036 Cybeles,
294 1005 332 1028 VI
364 998 407 1029 72
440 997 620 1034 Autonoes,
653 1005 692 1028 Ix
723 998 743 1027 4
778 995 962 1035 Rhodopes,
994 1003 1059 1026 xlv
1091 995 1155 1026 263
1190 993 1332 1034 Cybeles.
1392 996 1515 1024 contra
1547 994 1582 1024 in
1613 1002 1652 1023 ae

115 1047 311 1079 desinentes
333 1049 486 1089 genetiui
508 1049 628 1090 paucis
650 1057 841 1090 paucorum
863 1047 947 1079 locis
969 1047 1172 1087 insequente
1196 1045 1308 1076 uocali
1330 1044 1404 1075 elisi
1426 1044 1653 1076 inueniuntur

114 1108 186 1130 non
211 1099 360 1140 amphus
385 1103 466 1137 tres,
485 1099 633 1132 Helenae
658 1099 758 1141 Prop.
786 1108 829 1130 111
848 1099 868 1130 8
887 1099 941 1136 32,
963 1098 1120 1137 Europae
1137 1097 1236 1138 Verg.
1258 1096 1342 1127 Aen.
1364 1105 1416 1127 VII
1435 1096 1511 1132 224,
1528 1095 1654 1136 Libyae

116 1149 173 1181 Sil.
193 1159 231 1181 1v
251 1151 324 1187 130,
341 1159 381 1182 XI
398 1152 452 1188 23,
468 1160 523 1182 XII
542 1152 616 1188 196,
634 1161 724 1192 quae
740 1151 882 1182 nomina
899 1150 1141 1191 uulgatissima
1158 1149 1264 1179 etiam
1289 1150 1383 1178 recto
1406 1150 1442 1178 et
1467 1146 1652 1178 accusandi

115 1210 198 1232 casu
218 1201 344 1232 Latina
362 1201 458 1233 facta
476 1205 569 1239 sunt,
590 1201 686 1233 uelut
706 1201 801 1233 breui
820 1201 915 1232 finali
933 1200 1063 1232 Helena
1081 1199 1157 1232 Sen.
1179 1199 1256 1230 Tro.
1279 1199 1342 1230 892
1361 1201 1397 1229 et
1415 1199 1491 1236 926,
1514 1198 1545 1229 E
1550 1208 1653 1237 uropa

119 1252 220 1284 Ouid.
242 1255 324 1284 met.
346 1261 414 1284 VIII
435 1254 508 1291 120,
528 1253 620 1284 Man.
642 1261 679 1284 1v
699 1254 774 1290 681,
795 1253 875 1284 Luc.
896 1261 935 1283 Ix
954 1253 1030 1289 415,
1050 1251 1139 1283 Stat.
1161 1250 1244 1281 Ach.
1267 1259 1280 1280 1
1299 1251 1374 1287 397,
1394 1249 1496 1280 Mart.
1518 1258 1540 1280 v
1560 1250 1602 1280 74
1626 1250 1652 1285 1,

117 1303 201 1334 elisa
219 1303 384 1335 Helenam
403 1304 504 1346 Prop.
527 1313 555 1335 II
574 1306 593 1336 3
614 1305 667 1342 32,
691 1305 864 1343 Europam
883 1303 959 1335 Sen.
982 1303 1044 1344 Ag.
1066 1303 1142 1339 274,
1162 1301 1236 1333 Val.
1260 1301 1308 1332 Fl.
1331 1309 1399 1332 VIII
1418 1301 1493 1338 396,
1514 1300 1655 1341 Libyam

118 1354 210 1386 Man.
235 1364 273 1386 IV
293 1356 369 1393 779,
391 1355 448 1387 Sil.
472 1365 539 1387 VIII
561 1356 624 1387 673
645 1358 681 1387 et
699 1364 763 1387 va
784 1356 848 1387 596
868 1355 1096 1396 reperiuntur.
1145 1356 1291 1394 apparet
1311 1355 1391 1384 utra
1410 1352 1523 1383 forma
1543 1353 1655 1393 poetis

118 1406 189 1437 iam
212 1405 292 1437 inde
315 1417 336 1437 a
359 1406 538 1448 Propertio
561 1407 752 1448 placuerit:
790 1406 884 1448 quod
907 1405 951 1437 ad
973 1405 1164 1446 superiores
1187 1405 1327 1441 attinet,
1350 1403 1530 1435 deficiente
1554 1404 1656 1434 metri

118 1458 320 1489 testimonio
337 1457 513 1490 codicibus
530 1457 739 1490 credendum
756 1460 810 1489 est
827 1457 1014 1499 Vergilium
1031 1459 1067 1487 et
1084 1456 1271 1488 Horatium
1288 1454 1420 1487 Graeca
1437 1455 1656 1491 abstinuisse,

120 1508 247 1539 Latina
268 1508 454 1541 Catullum.
501 1509 682 1541 Manilium
709 1510 840 1540 octiens
869 1509 1023 1548 Eriqone,
1051 1507 1156 1539 semel
1181 1516 1209 1538 11
1226 1507 1268 1539 32
1288 1506 1457 1547 Eriyonen
1482 1507 1656 1547 scripsisse

119 1561 271 1591 metrum
288 1560 495 1601 comprobat
510 1572 517 1592 ε
549 1560 693 1601 Cyrenes
709 1561 890 1601 genetiuus
907 1559 972 1590 sub
989 1559 1160 1600 tyrrhenos
1176 1567 1214 1589 1v
1227 1558 1292 1589 780
1305 1557 1497 1599 dispicitur,
1517 1557 1658 1588 alterius

118 1610 250 1652 figurae
276 1611 436 1652 exempla
462 1611 600 1649 desunt,
628 1621 710 1643 nam
743 1611 924 1642 Messanae
950 1619 993 1641 111
1023 1611 1062 1641 14
1089 1620 1109 1640 a
1136 1612 1230 1640 recto
1267 1611 1425 1640 Μεσσάνα
1451 1608 1658 1645 declinatur,

118 1662 209 1693 sicut
236 1661 280 1693 ab
308 1663 501 1704 Ἀνδρομέδα
534 1662 764 1694 Andromedae
787 1671 801 1693 1
823 1663 898 1699 616,
922 1670 945 1693 v
968 1661 1044 1698 538,
1068 1661 1132 1693 619
1222 1660 1286 1691 470
1314 1663 1359 1691 ad
1388 1663 1568 1692 decumam
1597 1663 1658 1697 GL,

119 1722 140 1744 a
163 1716 308 1746 decuma
328 1717 374 1746 Μ.
419 1723 491 1745 una
511 1714 555 1746 ad
575 1714 747 1746 decumam
764 1723 826 1754 pro
848 1723 919 1745 una
939 1712 1108 1744 decumae
1130 1710 1252 1743 addita
1272 1711 1321 1742 sic
1343 1710 1472 1742 dicitur
1493 1714 1533 1743 ut
1556 1712 1660 1742 tertio

119 1767 295 1804 quartoue
307 1765 447 1797 saeculo
474 1764 540 1797 Iul.
555 1766 630 1798 Val.
646 1775 659 1797 1
674 1766 713 1797 21
731 1765 788 1796 hoc
801 1774 938 1796 numero
948 1774 1024 1796 cum
1037 1766 1190 1795 ueterano
1203 1762 1308 1794 milite
1321 1766 1509 1803 conqreyato
1522 1763 1659 1795 sescenti

120 1815 365 1856 quinquaqinta
390 1820 543 1856 quattuor
569 1816 613 1848 ad
638 1817 850 1856 septuayinta
875 1815 975 1847 milia
999 1814 1221 1847 militantium
1247 1817 1350 1852 erant,
1378 1815 1526 1856 septimo
1554 1825 1658 1845 carm.

120 1868 225 1909 epigr.
246 1868 374 1899 Buech.
395 1869 456 1899 721
476 1869 495 1899 9
513 1868 618 1900 decies
635 1892 642 1899 .
662 1893 669 1899 .
689 1892 696 1899 .
715 1871 823 1899 ternos
839 1867 884 1899 ad
898 1870 1013 1908 quater
1027 1869 1202 1907 quaternos
1218 1865 1306 1897 uixit
1320 1875 1381 1905 per
1397 1876 1515 1903 annos,
1533 1865 1662 1907 quibus

120 1918 288 1960 exemplis
305 1919 449 1950 Messius
467 1919 553 1951 thes.
572 1919 654 1961 ling.
674 1919 750 1951 Lat.
767 1928 780 1950 1
797 1929 829 1960 p.
846 1919 909 1951 507
924 1920 966 1950 54
983 1928 1095 1950 errore
1109 1916 1236 1949 adiecit
1249 1916 1335 1948 Plin.
1352 1917 1425 1949 n.h.
1444 1926 1481 1948 IV
1495 1918 1534 1949 81
1554 1917 1604 1948 bis
1617 1918 1661 1948 acl

120 1969 250 2001 deciens
273 1974 402 2001 centum
425 1971 524 2002 milia
544 1980 710 2010 passuum
733 1971 811 2011 (1100
836 1973 888 2001 est
911 1970 1039 2001 circiter
1061 1969 1112 2000 bis
1134 1969 1275 2006 deciens,
1299 1971 1339 2000 ut
1362 1972 1454 2000 recte
1478 1972 1660 2010 acceptum

121 2024 176 2052 est
197 2020 283 2052 thes.
307 2030 335 2052 II
355 2032 387 2062 p.
412 2022 498 2053 2010
519 2023 565 2061 4),
587 2021 679 2053 hunc
700 2025 819 2054 autem
839 2021 972 2053 Manilii
992 2030 1130 2052 uersum
1152 2020 1359 2051 alienissimo
1380 2019 1454 2051 1000
1476 2030 1508 2061 p.
1532 2021 1596 2052 518
1618 2021 1662 2052 29

121 2073 239 2113 posuit
262 2073 306 2104 ad
328 2073 579 2114 interpretatus
602 2083 704 2113 usque
727 2073 793 2105 ad:
830 2072 924 2114 apud
947 2071 1113 2114 probatos
1137 2074 1295 2103 auctores
1318 2071 1404 2102 nihil
1426 2071 1544 2102 inueni
1567 2071 1661 2112 quod

121 2123 267 2155 similius
286 2126 377 2155 esset
396 2134 503 2164 quam
523 2123 597 2155 Liu.
618 2133 708 2155 xxw
727 2125 769 2155 45
790 2125 809 2155 3
829 2124 873 2155 ad
894 2123 1105 2154 Faleriorum
1124 2121 1310 2163 Pyrrhique
1328 2122 1511 2162 proditores
1530 2123 1663 2153 tertium

121 2173 307 2215 transsuyis
330 2174 570 2206 documentum.
618 2185 680 2206 nec
707 2177 825 2206 tamen
850 2174 971 2205 melius
995 2173 1102 2205 habet
1126 2173 1339 2204 Matritensis
1363 2172 1465 2204 lectio
1490 2182 1560 2204 una
1585 2175 1661 2215 (pro

121 2226 248 2266 prima)
274 2236 296 2257 a
320 2226 467 2257 decuma.
515 2228 669 2258 ceterum
693 2235 765 2257 una
788 2225 972 2257 cardinalis
996 2235 1171 2262 numerus,
1198 2234 1301 2265 quem
1326 2227 1510 2266 propterea
1534 2235 1663 2266 ponere

122 2277 247 2309 maluit
263 2278 346 2318 quia
363 2277 491 2310 dicitur
506 2277 715 2316 undecimus,
732 2277 946 2309 ordinalibus
962 2279 1081 2317 quarta
1096 2279 1133 2307 et
1148 2278 1267 2307 octaua
1282 2277 1455 2317 excipitur
1471 2279 1511 2308 ut
1528 2278 1591 2308 447
1610 2287 1660 2317 sq.

122 2338 255 2369 unaque
281 2329 406 2370 uiyinti
431 2329 581 2361 numeris
605 2339 688 2369 pars
714 2329 829 2361 addita
855 2328 956 2360 laedit
977 2326 983 2371 Ι
1002 2331 1030 2359 et
1057 2328 1185 2368 quinta,
1213 2328 1274 2368 qui
1299 2327 1395 2359 locus
1421 2328 1466 2360 ad
1491 2328 1666 2360 decumam

122 2380 307 2412 confirmat
395 2381 502 2418 utilis,
527 2381 592 2413 473
617 2380 752 2412 inutilis
841 2380 903 2411 471
929 2383 1105 2411 timendae
1130 2382 1189 2415 GL,
1212 2381 1369 2411 timenda
1393 2389 1412 2411 ο
1435 2383 1482 2417 Μ,
1505 2382 1662 2412 timenda.

123 2435 179 2463 est
206 2431 282 2464 cod.
301 2432 454 2464 Venetus
471 2432 619 2464 fortasse
638 2435 730 2464 recte
820 2431 884 2463 472
912 2441 1031 2462 uersus
1048 2430 1251 2462 adiectionis
1265 2431 1351 2462 uitio
1368 2431 1522 2473 insignis,
1536 2431 1578 2463 de
1593 2442 1663 2473 quo

126 2482 171 2513 ad
192 2491 205 2513 1
226 2483 290 2514 539
311 2482 512 2525 disputaui3
542 2494 625 2515 nam
645 2493 718 2515 sors
739 2483 873 2520 ultima,
891 2492 933 2514 ea
949 2485 1002 2513 est
1019 2485 1073 2514 ter
1089 2481 1235 2513 decuma
1252 2492 1342 2524 pars.
1389 2482 1564 2514 simillima
1581 2487 1664 2514 sunt

125 2542 169 2565 111
194 2535 259 2565 495
285 2544 335 2575 sq.
362 2544 425 2574 quo
450 2534 603 2566 subsistet
627 2543 808 2566 numerus
832 2536 1049 2573 consumptus
1071 2533 1109 2564 in
1132 2536 1220 2564 astro
1242 2531 1372 2576 lquaue
1391 2533 1429 2564 in
1444 2537 1538 2574 parte
1555 2544 1662 2566 suam

123 2595 310 2616 summam
323 2595 504 2626 nomenque
514 2585 684 2626 relinquet,
698 2585 796 2626 Verg.
810 2585 894 2617 Aen.
908 2593 936 2616 11
947 2585 1056 2616 206—8
1065 2588 1196 2624 pectora
1206 2609 1213 2616 .
1227 2609 1235 2616 .
1249 2609 1257 2617 .
1271 2584 1430 2625 iubaeque
1440 2609 1447 2616 .
1461 2609 1468 2616 .
1482 2609 1489 2616 .
1502 2590 1664 2625 superant

126 2637 246 2674 undas,
276 2646 370 2676 pars
392 2640 514 2668 cetera
541 2640 683 2677 pontum
703 2635 708 2680 Ι
726 2647 813 2676 pone
843 2637 919 2676 leqit
949 2636 1127 2677 sinuatque
1157 2636 1322 2668 immensa
1345 2636 1518 2668 uolumine
1539 2639 1664 2678 terqa,

125 2687 207 2719 Luc.
243 2695 287 2718 111
320 2687 384 2718 642
417 2697 467 2728 sq.
496 2697 590 2727 pars
613 2687 752 2719 ultima
780 2687 892 2719 trunci
912 2685 917 2729 l
937 2686 1074 2718 tradidit
1105 2687 1143 2718 in
1176 2686 1276 2718 letum
1308 2696 1450 2718 uacuos
1473 2687 1665 2720 uitalibus

125 2741 242 2769 artus.
300 2737 361 2769 sed
387 2748 430 2768 ne
456 2737 521 2769 hoc
547 2737 699 2779 quidem,
725 2747 807 2778 pars
830 2743 917 2766 XXX
936 2747 970 2769 se
996 2737 1122 2769 claudit
1147 2738 1219 2769 siue
1245 2737 1424 2775 clauditur,
1447 2737 1482 2769 id
1509 2738 1664 2771 declarat

126 2788 221 2830 quod
247 2792 323 2821 erat
349 2788 607 2827 declarandum,
635 2792 771 2831 partem
796 2797 882 2826 xxx,
910 2798 1000 2830 quae
1027 2799 1099 2820 sors
1126 2789 1250 2821 ultima
1277 2789 1333 2826 sit,
1361 2789 1482 2821 seriem
1509 2791 1662 2831 partium

125 2839 297 2879 claudere,
323 2841 413 2873 sicut
438 2842 503 2873 476
528 2840 677 2873 habetur
702 2850 784 2882 quae
809 2849 984 2872 numerum
1009 2839 1169 2872 claudunt
1193 2850 1284 2872 nona
1309 2843 1337 2872 et
1361 2840 1528 2872 tricesima
1551 2845 1665 2882 partes
