1872 3183
567 163 1052 206 ASTRONOMICON
1083 163 1149 204 IV
1575 166 1598 204 2
1608 167 1627 205 1

137 282 204 314 155
259 275 577 330 ingenitumque
596 287 747 315 sonum
766 288 774 315 :
811 272 929 315 labor
948 277 1012 314 est
1031 272 1161 315 etiam
1179 272 1268 328 ipse
1287 271 1498 328 uoluptas.

259 363 376 390 arma
395 347 540 403 procul
559 347 769 402 lituosque
789 346 941 389 uolunt
959 346 1209 401 tristemque
1227 351 1454 396 senectam,

259 423 347 464 otia
366 428 410 463 et
429 426 645 463 aeternam
664 426 872 477 peragunt
892 421 935 462 in
954 435 1096 462 amore
1116 420 1349 463 iuuentam.

257 496 479 539 inueniunt
499 501 542 537 et
561 496 604 536 in
624 500 738 537 astra
757 496 848 537 uias
867 495 1135 550 numerisque
1154 494 1373 549 modisque

257 574 555 612 consummant
573 570 718 611 orbem
737 574 917 625 postque
937 569 1048 625 ipsos
1068 568 1204 610 sidera
1223 568 1435 623 linquunt.

136 652 202 684 160
258 649 412 686 natura
431 644 597 699 ingenio
617 644 753 685 minor
773 648 837 685 est
856 657 1013 698 perque
1033 643 1174 685 omnia
1194 643 1337 684 seruit.

257 719 302 760 in
320 723 388 760 tot
406 717 576 760 fecundi
596 718 761 761 Gemini
780 721 1021 759 commenta
1040 717 1246 758 feruntur.

309 792 466 834 Cancer
485 791 542 832 ad
560 791 779 833 ardentem
798 791 961 846 fulgens
980 791 1023 832 in
1042 790 1211 833 cardine
1230 796 1402 839 metam,

258 880 388 921 quam
407 866 602 907 Phoebus
622 865 797 907 summis
817 869 1039 907 reuocatus
1058 864 1248 907 cursibus
1268 864 1416 914 ambit,

258 939 483 982 articulum
502 940 650 981 mundi
670 940 824 981 retinet
842 939 1038 994 lucesque
1057 938 1248 981 reflectit.

92 1069 260 1111 ingenuit,
293 1069 400 1100 uerba
430 1069 586 1100 inserunt
616 1071 775 1099 cantores
868 1068 927 1099 155
959 1071 1034 1107 ipse
1066 1067 1102 1099 P.
1134 1067 1340 1099 Thomasius
1372 1067 1503 1099 lucubr.
1537 1067 1630 1099 Man.

92 1131 126 1163 p.
150 1122 181 1159 6,
205 1124 283 1160 ipsa.
302 1121 390 1157 libri,
413 1121 511 1152 cuius
531 1120 652 1151 erroris
674 1119 719 1151 ad
746 1128 774 1152 11
802 1120 863 1151 116
885 1119 1011 1152 adlatis
1034 1120 1201 1161 exemplis
1226 1119 1369 1152 accedat
1393 1119 1471 1152 Sen.
1494 1129 1564 1160 n.q.
1592 1128 1636 1151 111

95 1174 136 1204 12
148 1174 169 1204 4
180 1183 245 1210 aer,
260 1174 372 1213 etipse
385 1173 476 1212 (ipsa
488 1171 547 1211 al.)
559 1175 677 1212 quarta
685 1181 768 1212 pars
780 1172 909 1203 muudi.
957 1171 1166 1208 hominibus,
1179 1171 1299 1212 quales
1310 1171 1365 1202 hic
1377 1171 1630 1208 describuntur,

92 1234 164 1256 non
179 1225 343 1265 uoluptas
358 1223 468 1256 labori
483 1223 544 1255 sed
559 1223 657 1255 labor
671 1233 754 1254 suus
770 1223 946 1263 uoluptati
962 1226 1026 1254 est.
1073 1223 1176 1254 Mart.
1194 1232 1208 1254 1
1226 1224 1288 1255 107
1305 1224 1324 1254 8
1340 1223 1438 1254 iuuat
1453 1223 1526 1263 ipse
1542 1221 1633 1254 labor

187 1275 249 1306 156
262 1275 379 1306 uolunt
392 1274 457 1305 sub
470 1273 624 1305 Geminis
636 1273 710 1305 nati
724 1285 731 1305 ε
752 1273 803 1304 ita
816 1274 880 1305 223
893 1274 1034 1313 capiunt
1111 1273 1172 1305 157
1186 1283 1304 1305 amore
1317 1273 1504 1310 Bentleius,
1520 1277 1634 1306 morte

93 1326 182 1358 libri.
225 1334 248 1357 v
271 1327 331 1357 111
346 1326 443 1357 uario
457 1325 581 1356 ducunt
595 1325 632 1356 in
645 1334 755 1356 amore
768 1325 941 1356 iuuentam
956 1324 1087 1356 Haedis
1101 1324 1292 1356 orientibus
1305 1324 1379 1356 nati
1392 1336 1401 1362 ;
1427 1324 1506 1356 uide
1524 1325 1630 1356 etiam

93 1377 332 1409 Ptolemaeum
361 1376 405 1408 ad
436 1377 497 1407 152
524 1375 718 1407 laudatum.
766 1375 861 1416 quod
889 1375 1020 1407 Birtius
1046 1386 1135 1407 mus.
1164 1375 1278 1407 Rhen.
1307 1386 1362 1407 an.
1394 1376 1478 1407 1896
1505 1386 1539 1416 p.
1568 1377 1634 1407 470

92 1428 241 1460 coniecit
262 1428 335 1459 sine
357 1427 469 1458 Marte
490 1429 570 1468 post
592 1437 625 1458 u.
644 1427 705 1458 156
727 1436 1023 1467 superuacaneum
1047 1429 1100 1458 est
1205 1426 1265 1457 158
1290 1425 1298 1439 ‘
1313 1436 1334 1458 a
1355 1427 1504 1458 numeris
1526 1426 1632 1458 arith-

92 1479 248 1516 meticos,
268 1489 289 1510 a
305 1478 413 1511 modis
430 1480 624 1519 geometras
640 1480 758 1508 censet
772 1477 779 1490 ’
800 1476 959 1517 Scaliger.
1019 1476 1121 1508 Mart.
1141 1476 1224 1518 Cap.
1244 1485 1297 1508 vn
1314 1478 1329 1517 ξ
1346 1478 1410 1509 802
1429 1476 1487 1508 hos
1503 1480 1555 1508 sat
1572 1478 1634 1509 erit

91 1530 217 1561 cursim
242 1537 397 1561 numeros
424 1538 620 1560 memorasse
646 1528 830 1568 modosque,
857 1527 927 1559 Cic.
958 1527 1001 1559 de
1031 1527 1101 1559 diu.
1129 1537 1143 1559 1
1170 1529 1211 1560 36
1241 1529 1300 1569 qui
1326 1538 1342 1559 e
1372 1527 1523 1560 Caucaso
1549 1528 1633 1560 caeli

91 1582 190 1621 siqua
214 1584 383 1612 seruantes
407 1581 556 1612 numeris
576 1580 746 1611 stellarum
765 1588 883 1611 cursus
903 1583 1129 1620 persecuntur,
1155 1588 1184 1611 11
1210 1581 1250 1612 17
1273 1580 1332 1620 qui
1355 1580 1502 1612 siderum
1525 1584 1633 1611 motus

91 1633 241 1665 numeris
260 1635 487 1673 persecuntur,
514 1630 604 1663 Stat.
637 1630 746 1662 Theb.
773 1639 811 1662 1v
836 1631 897 1661 411
925 1629 1076 1662 numeris
1093 1655 1101 1662 .
1122 1655 1128 1661 .
1150 1655 1157 1662 .
1175 1630 1386 1671 sequentibus
1418 1634 1518 1668 astra,
1546 1631 1630 1662 Luc.

90 1693 105 1716 1
129 1685 192 1716 641
286 1684 348 1714 159
368 1687 517 1722 postque
536 1683 727 1719 Bentleius,
754 1686 942 1720 postquam
965 1682 1055 1714 libri.
1103 1685 1281 1723 postquam
1305 1683 1464 1723 linquunt
1487 1693 1551 1724 pro
1575 1682 1635 1714 ubi

87 1734 293 1776 reliquerunt
309 1735 419 1776 accipi
436 1745 506 1766 non
522 1734 615 1771 licet,
633 1737 674 1765 ut
691 1733 797 1765 cadat
813 1733 972 1766 Stoeberi
988 1734 1163 1765 enarratio
1183 1733 1191 1746 ⁴
1203 1743 1283 1765 cum
1298 1734 1369 1765 iam
1386 1734 1500 1766 sidera
1517 1735 1632 1766 uisum

86 1786 261 1828 fugientia
282 1787 443 1828 persequi
464 1785 693 1826 nequeunt'3
728 1795 945 1826 quamquam
975 1784 1087 1816 multo
1117 1795 1158 1816 ea
1187 1785 1330 1827 propius
1360 1795 1380 1816 a
1409 1795 1492 1816 uero
1522 1785 1634 1817 distat

89 1848 197 1879 quam
237 1837 412 1879 Scaligeri‚
453 1837 514 1878 qui
554 1836 663 1868 orbem
702 1836 906 1878 intellegens
948 1838 1006 1874 τὴν
1044 1839 1212 1876 ἐγκύκλιον
1250 1838 1396 1868 παιδείαν
1433 1836 1481 1867 sic
1523 1836 1632 1868 uerba

87 1889 342 1931 interpretatus
378 1891 443 1926 est,
484 1887 492 1900 ‘
507 1898 528 1919 a
564 1887 717 1919 siderum
754 1887 873 1919 studio
906 1887 951 1918 ad
983 1888 1211 1928 geometriam
1247 1889 1283 1918 et
1316 1887 1561 1919 arithmeticen
1596 1898 1632 1919 se

89 1939 302 1972 conierunt’.
351 1939 583 1970 astronomiae
610 1939 712 1980 periti
739 1938 891 1969 numeris
916 1938 1155 1979 mensurisque
1181 1937 1347 1970 adhibitis
1371 1938 1519 1970 formam
1546 1938 1633 1971 caeli

91 1991 270 2023 horizonte
299 1990 443 2031 praecisi
471 1993 718 2021 consummant
750 1993 786 2021 et
816 1990 920 2030 plena
949 1990 985 2020 in
1014 1990 1143 2021 notitia
1172 1993 1310 2030 ponunt
1338 1999 1382 2022 ne
1411 1990 1460 2022 eis
1488 1990 1629 2031 quidem

90 2042 244 2084 exceptis
269 2042 427 2083 partibus
451 2051 540 2082 quae
565 2041 672 2073 oculis
697 2040 900 2073 subtractae
926 2044 1032 2079 sunt;
1071 2051 1142 2083 quo
1169 2041 1210 2073 fit
1236 2044 1277 2073 ut
1302 2041 1454 2073 siderum
1481 2044 1633 2079 meatus,

88 2103 240 2136 quorum
267 2093 359 2134 leges
387 2096 520 2131 tenent,
549 2095 667 2124 mente
691 2103 912 2134 praecurrere
935 2093 1072 2134 possint
1095 2095 1263 2134 ortusque
1288 2103 1408 2124 eorum
1433 2092 1634 2134 praedicere

183 2145 242 2176 161
268 2143 348 2176 uide
374 2144 420 2175 ad
447 2146 521 2176 124.
560 2144 729 2185 feruntur,
757 2143 932 2181 dicuntur,
959 2147 1066 2181 sunt;
1104 2143 1184 2176 uide
1204 2144 1249 2176 ad
1273 2152 1302 2175 11
1329 2145 1391 2176 188
1483 2144 1631 2176 162-175

90 2195 222 2228 Cancer
237 2198 279 2227 ut
295 2195 454 2228 Mercurii
472 2195 585 2226 tutela
603 2196 644 2235 (Π
662 2196 741 2235 440)
758 2197 968 2226 mercatores
984 2194 1071 2226 facit
1087 2197 1124 2226 et
1139 2197 1378 2236 quaestuosos,
1398 2197 1439 2226 ut
1455 2195 1628 2236 tropicum

89 2248 225 2289 signum
259 2249 407 2288 συνεργεῖ
432 2248 514 2287 πρὸσ
542 2249 605 2278 τὰσ
635 2248 856 2288 μεταβολικὰσ
883 2248 1016 2286 πράξεισ
1045 2245 1148 2285 (Ptol.
1174 2248 1255 2277 tetr.
1279 2255 1312 2287 p.
1337 2247 1394 2285 47)
1424 2248 1630 2287 mentesque

89 2297 205 2330 reddit
233 2299 419 2337 ζητητικὰσ,
449 2299 624 2338 εὑρετικὰσ,
655 2299 859 2329 εὐεικάστουσ
888 2297 947 2336 (ib.
977 2306 1011 2338 p.
1041 2297 1098 2336 40)
1191 2297 1252 2328 162
1280 2301 1411 2329 metam
1438 2297 1628 2334 Bentleius,

89 2354 224 2383 uictam
237 2353 332 2387 GLM,
345 2352 459 2381 uitam
474 2349 550 2380 cod.
569 2348 723 2380 Venetus
738 2360 746 2386 ;
777 2349 952 2380 contrario
968 2358 1082 2380 errore
1100 2352 1134 2380 Μ
1150 2356 1164 2379 1
1188 2348 1262 2386 766,
1283 2349 1359 2386 776,
1377 2357 1416 2381 IV
1434 2350 1475 2381 51
1497 2359 1549 2381 me
1564 2360 1629 2391 pro

88 2401 156 2433 uic.
203 2400 292 2433 Plin.
311 2401 383 2433 n.h.
402 2409 496 2432 xvm
515 2401 579 2432 264
597 2400 776 2432 solstitium
794 2401 912 2440 peragi
930 2400 967 2431 in
987 2403 1105 2430 octaua
1122 2401 1218 2439 parte
1241 2399 1365 2431 Cancri
1384 2425 1390 2431 .
1411 2425 1418 2432 .
1439 2425 1446 2431 .
1465 2400 1625 2432 diximus.

89 2461 231 2492 maynus
246 2451 298 2484 hic
310 2452 396 2483 armi
408 2451 506 2484 cardo
521 2462 532 2483 ε
551 2476 557 2482 .
577 2476 584 2483 .
604 2476 611 2482 .
629 2451 679 2483 sol
695 2477 701 2483 .
722 2476 728 2482 .
749 2476 756 2483 .
774 2450 814 2482 ab
829 2461 867 2482 ea
880 2453 966 2482 meta
978 2451 1199 2492 incipitflecti
1211 2460 1250 2482 ac
1263 2451 1394 2490 deqredi
1406 2451 1450 2483 ad
1462 2454 1625 2488 austrum,

90 2502 205 2535 Germ.
226 2502 350 2543 phaen.
371 2503 392 2534 6
410 2512 462 2544 sq.
482 2512 549 2543 qua
567 2502 616 2533 sol
633 2502 800 2534 ardentem
819 2501 987 2533 Cancrum
1005 2501 1246 2542 rapidissimus
1264 2501 1367 2533 ambit
1387 2501 1393 2545 Ι
1412 2502 1627 2544 diuersasque

89 2557 176 2586 secat
204 2557 306 2586 metas
334 2553 435 2593 qeltdi
460 2554 660 2594 Capricorni
750 2553 812 2585 163
843 2556 1002 2585 cursibus
1011 2551 1043 2590 *,
1074 2555 1233 2585 curribus
1258 2552 1346 2585 libri.
1381 2563 1452 2584 non
1480 2554 1625 2585 summis

89 2605 201 2646 magis
217 2614 322 2647 quam
340 2604 462 2636 mediis
479 2607 542 2636 aut
558 2605 635 2637 imis
651 2605 809 2637 curribus
825 2604 877 2636 sol
892 2606 1023 2636 metam
1042 2604 1164 2642 ambit,
1182 2604 1243 2636 sed
1260 2613 1414 2636 summos
1431 2614 1470 2636 ac
1488 2607 1623 2645 septen-

89 2656 195 2688 trioni
212 2655 387 2698 proximos
403 2665 522 2687 cursus
538 2655 732 2688 conficiens.
783 2664 797 2688 1
809 2656 940 2687 568—73
957 2655 1038 2687 alter
1054 2654 1228 2695 (circulus)
1242 2655 1286 2687 ad
1301 2656 1436 2687 extremi
1451 2656 1626 2688 decurrens

89 2708 200 2740 sidera
232 2707 396 2739 Cancri.
418 2732 423 2738 .
445 2732 450 2738 .
469 2710 601 2739 metam
620 2733 627 2739 .
651 2733 657 2739 .
681 2733 687 2739 .
708 2707 855 2739 uolantis
875 2705 881 2750 Ι
900 2707 995 2738 s'olis
1024 2709 1052 2737 et
1081 2709 1261 2738 extremos
1291 2707 1440 2746 designat
1466 2707 1626 2748 feruidus

87 2762 203 2797 actus,
229 2758 345 2791 Germ.
371 2758 496 2799 phaen.
524 2760 633 2790 476-8
658 2759 827 2791 Cancrum
851 2758 956 2798 tetiyit
976 2768 1052 2789 cum
1077 2758 1182 2789 Titan
1198 2781 1206 2790 .
1225 2782 1232 2789 .
1252 2782 1260 2789 .
1284 2761 1363 2789 tunc
1384 2757 1479 2790 habet
1499 2759 1627 2790 aeterni

86 2820 206 2843 cursus
222 2809 367 2851 fastigia
388 2820 521 2840 summa
613 2810 674 2840 164
691 2814 786 2842 luces
807 2814 842 2846 G,
861 2813 950 2841 lueis
974 2813 1031 2841 Lm
1047 2808 1122 2840 cod.
1143 2809 1305 2845 Venetus,
1330 2808 1373 2840 de
1393 2819 1463 2850 quo
1487 2808 1559 2841 dixi
1580 2809 1623 2841 ad

91 2870 135 2894 111
154 2862 219 2894 446
308 2864 458 2893 reflectit
476 2861 560 2898 ΠΜ,
584 2864 753 2894 reflectiet
774 2865 810 2899 G,
828 2865 965 2893 reflecte
986 2865 1020 2898 1..
1037 2864 1184 2893 reflexae
1204 2860 1279 2892 cod.
1295 2860 1447 2893 Venetus
1538 2860 1627 2893 luceo
