1872 3183
158 122 212 160 74
745 119 806 161 M.
839 119 1092 161 MANILII

316 230 470 271 Auster
491 234 609 271 amat
628 229 815 271 medium
835 229 965 271 solem
985 230 1286 286 Zephyrusque
1304 230 1557 286 profectum.

317 304 393 346 hos
412 304 521 345 inter
542 304 665 345 binae
685 303 833 345 mediis
854 318 875 345 e
894 304 1088 359 partibus
1108 318 1234 346 aurae

317 378 513 434 expirant
533 378 678 419 similis
698 383 867 420 mutato
887 379 1056 420 nomine
1076 379 1216 421 flatus.

192 461 260 492 595
316 453 407 508 ipsa
427 457 552 494 natat
570 452 695 494 tellus
714 452 852 508 pelagi
870 453 1053 494 lustrata
1072 468 1227 495 corona

316 527 522 583 cingentis
542 527 729 569 medium
748 527 919 582 liquidis
939 527 1203 583 amplexibus
1224 528 1381 578 orbem,

317 602 445 657 inque
463 601 579 643 sinus
598 606 780 657 pontum
799 602 961 657 recipit,
984 602 1057 657 qui
1076 617 1249 658 uespere
1269 603 1324 645 ab
1343 608 1437 645 atro

152 728 264 760 neque
286 719 352 751 hoc
373 731 476 752 uersu
498 720 616 753 differt
637 732 750 763 neque
772 722 856 754 Hor.
881 723 981 764 epist.
1006 732 1034 754 11
1056 723 1076 753 2
1099 724 1141 754 75
1163 723 1223 755 hac
1244 723 1377 755 rabiosa
1392 724 1484 765 fuyit
1505 723 1612 761 canis,
1635 722 1697 754 hac

151 769 316 802 lutulenta
332 772 401 803 ruit
417 782 486 804 sus.
534 772 674 805 Seruius
692 773 737 804 ad
755 773 855 815 Verg.
874 784 987 816 georg.
1008 783 1021 805 1
1039 775 1104 806 286
1121 784 1201 806 nam
1219 778 1247 806 et
1258 774 1378 816 fuglam
1395 775 1434 807 de
1448 774 1652 816 profectione
1669 776 1698 805 et

154 831 255 853 cursu
273 823 425 862 leyimus,
444 827 480 854 uc
499 823 507 836 ‘
521 824 626 856 simul
641 834 728 856 arua
737 824 825 866 fuya
841 825 945 857 simul
962 835 1104 865 aequora
1121 826 1224 857 uerrit
1237 826 1245 839 ’
1265 827 1386 867 (immo
1403 836 1539 858 uei-rens
1556 824 1696 867 Aquilo,

151 883 265 915 georg.
287 883 330 906 111
350 875 441 915 201),
462 876 550 907 unde
569 879 598 907 et
616 876 759 908 uelocem
778 886 898 917 equum
910 877 1066 918 suqacem
1086 877 1202 918 (Ouid.
1223 878 1293 909 her.
1315 887 1353 909 1v
1372 879 1429 918 46)
1449 887 1609 910 uocamus

198 924 262 956 592
274 925 460 967 profectum
476 937 497 958 a
513 930 633 959 nostro
650 927 744 966 orbe,
758 927 852 969 quod
869 928 947 969 plus
963 931 1017 960 est
1033 938 1140 969 quam
1152 929 1379 967 discedentem,
1392 930 1483 960 sicut
1499 929 1577 970 plus
1590 937 1698 969 quam

152 975 313 1009 labentem
332 988 365 1009 u.
387 978 452 1010 588
470 978 605 1019 lapsum
696 980 759 1011 593
779 980 842 1011 594
859 981 942 1022 isag.
966 980 1018 1012 bis
1035 983 1201 1022 excerpta
1223 980 1378 1021 (Maassii
1396 991 1520 1012 comm.
1541 981 1578 1012 in
1596 979 1697 1011 Arat.

152 1038 186 1070 p.
209 1029 289 1069 321)
309 1031 417 1068 ἄνεμοι
436 1032 469 1062 δὲ
484 1033 606 1071 Ὑενικοῖ
623 1033 753 1063 πνέουσι
765 1033 936 1073 τέσσαρεσ,
951 1034 1016 1063 ἀπὸ
1026 1035 1087 1071 τῆσ
1104 1035 1220 1073 ἄρκτου
1237 1034 1252 1064 ὸ
1269 1035 1403 1073 Βορέαο,
1418 1035 1483 1064 ἀπὸ
1494 1034 1700 1073 μεσημβρίασ

155 1081 302 1120 ὁΝότοσ,
330 1083 395 1113 ἀπὸ
418 1084 584 1121 ἀνατολῆσ
607 1083 828 1122 Ἀπηλιώτησ,
852 1086 916 1115 ἀπὸ
945 1086 1068 1115 δύσεωσ
1092 1086 1245 1124 Ζέφυροσ.
1291 1086 1415 1124 ἑκάστῳ
1441 1086 1474 1115 δὲ
1499 1087 1618 1115 τούτων
1644 1085 1699 1115 δύο

155 1134 376 1172 παρακεΐνται,
429 1135 474 1165 ὼσ
518 1136 595 1165 εἶναι
642 1137 719 1166 τοὺσ
762 1137 891 1166 πάντασ
940 1137 1071 1167 δώδεκα.
1131 1135 1253 1166 eadem
1296 1135 1404 1167 ferme
1445 1135 1551 1167 schol.
1593 1134 1698 1167 Dion.

152 1183 278 1225 perieg.
312 1183 428 1215 Muell.
456 1195 569 1226 geogr.
598 1185 657 1217 Gr.
686 1186 768 1217 min.
797 1194 826 1217 11
854 1196 886 1227 p.
918 1187 998 1217 457¹*
1021 1187 1142 1224 3943,
1172 1186 1298 1218 similia
1326 1187 1471 1218 adiectis
1497 1189 1577 1218 octo
1593 1186 1701 1218 inter-

150 1234 347 1276 positorum
367 1238 554 1267 uentorum
575 1237 755 1268 uocabulis
777 1237 860 1268 ibid.
884 1248 941 1279 pp.
965 1239 1030 1269 503
1054 1248 1118 1279 sq.‚
1137 1248 1282 1279 geopon.
1306 1247 1319 1269 1
1343 1240 1379 1269 11
1403 1240 1608 1277 (Διονυσίου),
1629 1240 1702 1279 περὶ

155 1288 245 1325 κόσμ.
270 1296 303 1328 p.
327 1287 410 1319 3941)
432 1288 551 1326 19—35,
575 1288 651 1320 sen.
677 1299 748 1330 n.q.
774 1297 797 1320 V
822 1290 862 1320 16
885 1289 960 1329 (ubi
983 1289 1181 1330 appellatur
1204 1290 1340 1329 Varro),
1365 1289 1452 1320 Plin.
1476 1288 1548 1320 n.h.
1572 1298 1601 1320 11
1625 1289 1701 1327 120,

154 1337 274 1379 Veget.
295 1349 320 1369 r.
343 1339 413 1370 mil.
434 1348 472 1371 1v
492 1340 546 1377 38,
567 1339 653 1381 Lyd.
675 1340 718 1371 de
737 1350 844 1372 mens.
866 1350 904 1372 iv
926 1342 988 1372 119
1007 1341 1206 1381 (Wuensch.
1227 1351 1260 1383 p.
1284 1342 1373 1381 157),
1390 1341 1488 1372 anth.
1509 1341 1587 1372 Lat.
1603 1340 1697 1372 Ries.

154 1389 231 1426 484,
247 1388 330 1421 Isid.
347 1393 420 1421 nat.
438 1401 500 1422 rer.
519 1392 560 1423 37
587 1391 704 1431 (Reiff.
732 1391 827 1423 Suet.
845 1402 902 1433 pp.
920 1393 1079 1432 228—32),
1098 1393 1180 1434 orig.
1199 1401 1269 1424 XIII
1297 1394 1333 1424 11
1363 1393 1438 1425 2-3.
1486 1392 1589 1424 huius
1614 1391 1700 1423 duo-

153 1440 315 1472 denariae
332 1442 478 1473 rationis
494 1442 729 1484 Agathemero
747 1444 766 1474 7
785 1444 912 1484 (geogr.
929 1443 986 1475 Gr.
1001 1444 1083 1475 min.
1105 1452 1133 1475 11
1152 1455 1184 1485 p.
1204 1445 1284 1483 473)
1302 1447 1425 1475 auctor
1436 1446 1490 1475 est
1503 1445 1702 1482 Τιμοσθένηο-

156 1494 171 1523 ὸ
194 1494 328 1533 ηράψαο-
356 1496 434 1525 τοὺσ
462 1497 641 1535 περίπλουσ
668 1494 860 1526 Ptolemaei
885 1504 914 1526 Π
938 1495 1178 1536 temporibus3
1215 1505 1298 1526 nam
1323 1495 1528 1527 Aristoteles
1556 1497 1703 1527 meteor.

154 1553 212 1585 pp.
246 1545 311 1577 363
335 1554 385 1586 sq.
408 1545 592 1576 duodecim
624 1556 644 1576 a
667 1556 703 1577 se
728 1545 906 1587 dispositis
936 1546 1022 1577 caeli
1047 1547 1187 1587 punctis
1219 1549 1344 1578 uentos
1374 1557 1445 1578 non
1471 1546 1549 1588 plus
1580 1545 1701 1577 decem

154 1596 347 1634 inuenerat,
361 1596 603 1628 deficientibus
617 1598 676 1638 qui
689 1598 866 1638 utrimque
880 1599 1053 1639 stiparent
1070 1598 1214 1630 Notum.
1262 1599 1482 1630 Andronicus
1499 1598 1704 1640 Cyrrhestes

152 1649 232 1678 octo
254 1647 369 1679 uentis
389 1651 576 1679 contentus
596 1648 676 1686 fuit,
698 1659 788 1689 quae
802 1650 977 1680 sententia
988 1649 1147 1691 pluribus
1163 1648 1314 1691 probata
1329 1649 1460 1681 Huetio
1474 1652 1548 1681 tam
1561 1649 1703 1690 penitus

151 1697 328 1729 insederat
343 1701 385 1730 ut
398 1699 484 1730 illud
499 1699 598 1730 binae
615 1700 905 1741 interpretaretur
921 1700 1075 1740 sinqulae
1164 1700 1227 1731 593
1244 1704 1369 1733 mediis
1384 1711 1402 1733 e
1418 1700 1492 1738 (312²,
1510 1703 1663 1732 mediose
1679 1704 1704 1732 L

153 1751 195 1780 ut
214 1749 366 1787 uidetur,
387 1753 520 1782 medios
541 1761 578 1782 se
598 1755 632 1782 M
722 1751 787 1782 594
810 1754 937 1782 similis
954 1755 1023 1788 LM,
1041 1754 1174 1783 similes
1195 1751 1270 1789 GL2,
1292 1761 1361 1793 quo
1381 1754 1521 1793 recepto
1541 1761 1703 1793 peruerse

152 1798 315 1831 Molinius
340 1800 512 1842 uirgulam
536 1804 618 1842 post
642 1801 797 1841 expirant
820 1802 939 1843 posuit
963 1802 1190 1843 sequentibus
1214 1813 1295 1834 cum
1320 1803 1479 1834 Bentleio
1503 1802 1701 1844 plerisque:

152 1854 245 1882 recte
265 1851 416 1893 Scaliger
435 1855 472 1883 et
491 1853 741 1890 recentissimi3
775 1856 868 1884 recte
888 1854 981 1885 enim
1001 1853 1069 1884 dici
1089 1864 1193 1886 aurae
1213 1854 1368 1894 expirant
1381 1854 1489 1895 flatus
1508 1853 1703 1886 ostendunt

153 1901 241 1934 Vitr.
268 1911 281 1934 1
306 1904 326 1934 6
353 1905 389 1935 ll
416 1914 578 1935 amarum
595 1928 602 1936 .
622 1929 629 1936 .
649 1928 656 1936 .
670 1905 787 1946 flamm,
814 1904 915 1936 Ouid.
941 1905 994 1937 Ib.
1024 1906 1086 1937 108
1110 1906 1242 1946 deneqet
1265 1906 1400 1948 afflatus
1416 1930 1424 1937 .
1443 1930 1451 1937 .
1471 1929 1478 1937 .
1498 1915 1585 1937 aura
1608 1915 1701 1944 suos,

153 1952 230 1985 Sen.
264 1954 348 1986 Oed.
380 1956 421 1987 37
452 1965 502 1996 sq.
535 1966 621 1987 aura
637 1980 644 1987 .
664 1980 672 1987 .
692 1980 699 1987 .
719 1957 836 1998 afflatu
858 1956 976 1997 fouet.
996 1981 1003 1988 .
1023 1981 1030 1988 .
1049 1957 1148 1988 corda
1237 1957 1364 1989 similis
1394 1959 1522 1989 mutato
1550 1957 1699 1995 nomine,

152 2005 251 2037 uelut
271 2016 342 2037 non
364 2007 515 2038 multum
535 2008 628 2039 inter
648 2018 683 2039 se
704 2007 842 2039 differre
863 2008 1029 2040 uidentur
1049 2008 1208 2050 Zephyro
1229 2012 1266 2041 et
1286 2008 1381 2041 Noto
1403 2008 1508 2040 medii
1528 2009 1703 2041 interiecti

154 2060 225 2097 Λίψ
256 2061 293 2089 et
318 2060 497 2099 Λιβόνοτοο-
587 2059 649 2090 595
674 2064 780 2092 natat
805 2063 828 2091 1.
856 2059 931 2090 cod.
952 2060 1107 2092 Venetus
1135 2063 1172 2092 et
1200 2070 1286 2092 corr.
1313 2071 1356 2092 ex
1380 2064 1502 2093 nattat
1526 2064 1571 2098 M,
1596 2064 1705 2092 uacat

154 2108 227 2140 GL2.
275 2112 398 2141 natare
423 2110 586 2142 Manilius
619 2111 778 2142 tellurem
813 2111 891 2152 (hoc
925 2114 979 2143 est
1011 2114 1069 2150 τὴν
1102 2114 1297 2151 οἰκουμένην,
1322 2121 1436 2153 neque
1470 2112 1563 2143 enim
1596 2114 1704 2153 poeta

152 2159 291 2192 Stoicus
308 2162 448 2202 ineptae
467 2172 573 2202 quam
591 2161 722 2194 Seneca
739 2172 809 2203 n.q.
831 2171 874 2194 111
894 2164 935 2194 14
956 2164 970 2194 1
992 2162 1147 2204 appellat
1164 2163 1319 2195 Thaletis
1332 2164 1527 2195 sententiae
1545 2163 1702 2201 accessit.

153 2215 195 2244 ut
217 2215 389 2244 terrarum
412 2213 532 2244 orbem
555 2223 648 2254 aqua
670 2214 833 2245 sustineri
856 2214 961 2245 uellet
983 2217 1020 2245 et
1042 2214 1123 2245 uehi
1146 2224 1240 2246 more
1263 2214 1528 2256 nauigii)‚—sed
1550 2215 1602 2246 ita
1624 2224 1702 2246 eam

153 2266 276 2295 natare
298 2264 389 2296 dixit
410 2267 451 2296 ut
472 2265 626 2306 undique
649 2275 741 2306 aqua
763 2265 845 2296 allui
867 2265 1088 2307 significaret,
1107 2265 1405 2307 quemadmodum
1427 2267 1491 2298 787
1507 2266 1702 2308 fluitantem

153 2315 352 2347 introduxit
378 2315 517 2348 Cretam
543 2317 694 2348 insulam
782 2317 896 2357 pelam]
921 2317 1063 2348 lustrata
1094 2327 1227 2355 corona,
1254 2317 1356 2349 Dion.
1385 2318 1511 2359 perieg.
1540 2318 1560 2349 3
1587 2327 1638 2358 sq.
1668 2321 1702 2349 ἐν

155 2368 218 2407 ’γὰρ
250 2369 357 2407 ἐκείνῳ
389 2368 547 2408 (ὠκεανῷ)
566 2365 571 2410 Ι
588 2371 679 2399 πᾶσα
707 2371 796 2408 χθὼν
826 2370 882 2400 ἅτε
909 2371 1010 2407 νῆσοσ
1036 2371 1202 2409 ἀπείριτοσ
1228 2371 1461 2407 ἐστεφάνωται,
1487 2368 1602 2400 Strab.
1628 2377 1643 2400 1
1665 2378 1699 2410 p.

154 2418 175 2448 2
211 2420 270 2456 τὴν
307 2420 489 2458 οἰκουμένην
525 2423 588 2459 ’γῆν
604 2443 612 2450 .
631 2443 639 2451 .
659 2443 666 2451 .
687 2419 731 2460 τῷ
768 2419 896 2460 ὠκεανῷ
937 2422 1147 2461 περίκλυστον
1237 2420 1387 2452 597-641
1430 2420 1560 2451 interni
1597 2420 1703 2452 maris

154 2469 319 2511 periplus‚
335 2470 455 2511 quales
471 2473 553 2512 post
573 2470 743 2502 Hecataei
761 2473 906 2512 περίοδον
923 2474 989 2511 Ὑῆσ
1007 2471 1109 2503 multi
1130 2471 1354 2513 scripserunt,
1372 2471 1511 2513 Scylax,
1530 2470 1702 2512 Scymnus

155 2521 215 2561 qui
243 2524 403 2559 uocatur,
434 2523 583 2563 scriptor
609 2522 792 2554 stadiasmi
822 2533 843 2554 a
871 2523 1036 2554 Muellero
1065 2533 1178 2564 geogr.
1206 2522 1266 2554 Gr.
1294 2523 1376 2554 min.
1406 2532 1435 2554 11
1460 2533 1518 2564 pp.
1546 2523 1703 2554 427—514

154 2571 252 2610 editi,
272 2572 351 2604 libri
372 2575 444 2613 περὶ
469 2576 588 2612 κόσμου
607 2584 640 2615 p.
663 2575 744 2605 393³
770 2575 889 2611 17—32‚
911 2573 1038 2606 Strabo
1063 2582 1091 2605 11
1114 2584 1171 2615 pp.
1200 2574 1319 2611 122-6‚
1343 2573 1533 2615 Dionysius
1558 2573 1702 2610 69-168,

155 2622 337 2664 Appianus
363 2624 471 2665 praef.
503 2625 576 2662 1-3,
603 2624 694 2656 Mela
719 2634 733 2656 1
762 2626 846 2657 9-11
882 2628 918 2656 et
943 2626 1039 2656 25-11
1066 2626 1140 2663 126,
1167 2625 1300 2656 Plinius
1324 2624 1394 2657 n.h.
1422 2634 1467 2657 111
1491 2626 1574 2656 5-1v
1598 2624 1640 2656 93
1665 2626 1703 2654 et

156 2682 178 2703 v
200 2675 280 2705 l—VI
302 2675 344 2706 32
359 2686 368 2712 ;
401 2685 550 2715 quorum
568 2678 687 2707 tamen
704 2686 807 2707 nemo
825 2676 946 2708 eodem
965 2686 1034 2717 quo
1052 2675 1215 2707 Manilius
1233 2676 1352 2708 ordine
1369 2676 1473 2708 litora
1488 2674 1700 2717 peragrauit,

157 2728 197 2756 ut
215 2725 259 2756 ab
278 2725 437 2757 Herculis
455 2726 625 2758 columnis
642 2737 784 2758 exorsus
801 2737 863 2768 per
879 2727 1011 2768 Libyae
1030 2737 1126 2758 oram
1144 2727 1189 2758 ad
1206 2727 1406 2769 Aegyptum
1425 2725 1700 2768 progrederetur,

156 2775 281 2807 deinde
300 2776 422 2808 eodem
441 2778 569 2809 iterum
588 2781 693 2819 capto
712 2779 813 2809 initio
834 2778 995 2820 Europae
1014 2778 1186 2819 Asiaeque
1206 2779 1385 2810 anfractus
1405 2781 1543 2810 secutus
1563 2786 1700 2808 rursum

157 2826 202 2857 ad
223 2827 373 2859 eundem
395 2829 583 2860 terminum
600 2830 798 2870 perueniret
889 2829 951 2861 597
973 2839 1119 2868 uespere
1140 2829 1240 2861 codd.
1256 2829 1345 2861 Flor.
1365 2832 1401 2861 et
1423 2828 1535 2867 Bodl.,
1552 2836 1702 2867 uespero
