1872 3183
595 154 1080 198 ASTRONOMICON
1112 154 1178 195 IV
1594 155 1648 193 53

278 273 321 309 et
341 268 490 323 quinta
510 272 553 308 et
573 267 724 308 duram
743 280 1040 308 consummans
1059 264 1240 320 septima
1260 269 1437 319 partem.

332 342 458 383 Tauri
477 355 588 382 nona
609 341 720 382 mala
740 345 816 390 est,
838 339 983 381 similis
1002 339 1103 395 quoi
1122 338 1250 380 tertia
1269 352 1367 393 pars
1386 343 1450 378 est

155 424 224 455 450
280 420 379 471 post
398 415 619 457 decumam
639 429 714 456 nec
734 429 818 456 non
838 414 1039 456 decumae
1058 427 1157 468 pars
1176 412 1357 468 septima
1378 411 1521 453 iuncta
1541 425 1549 459 3

280 489 427 544 bisque
447 489 615 530 undena
635 494 788 530 notans
808 493 852 529 et
871 488 934 529 bis
954 487 1149 528 duodena
1169 491 1367 528 nocentes

159 610 223 641 448
254 614 380 649 quinta
410 610 484 647 (ΗΡ,
516 613 677 648 quintam
706 613 763 641 LM
854 618 1099 641 consummans
1131 606 1291 648 Scaliger,
1324 609 1543 638 consummat
1578 603 1654 641 GU,

114 666 300 694 consumat
330 665 397 694 ΒΜ.
444 661 553 693 laedit
584 671 664 702 pars
696 661 845 702 septima
878 660 1002 701 uiginti
1040 659 1192 690 numeris
1231 657 1363 694 addita,
1402 666 1491 698 quae
1528 655 1652 687 duram

115 712 336 754 sterilemque
362 712 488 744 Arietis
513 713 709 754 portionem
735 711 887 744 absoluit
911 714 947 743 et
972 711 1149 747 terminat,
1176 710 1342 751 quoniam
1366 709 1403 740 in
1428 708 1539 740 tribus
1565 717 1655 748 quae

115 766 302 805 supersunt
315 764 473 806 partibus
487 764 622 805 signum
636 764 789 795 immune
803 766 865 794 est.
913 763 1136 804 participium
1149 762 1200 792 ita
1213 761 1355 803 ponitur
1380 762 1420 791 ut
1432 759 1656 791 enuntiatum

116 815 303 846 relatiuum
316 816 381 846 472
396 818 424 846 et
437 825 520 855 quae
533 818 580 846 ter
593 815 763 846 decumam
777 814 903 846 claudit
916 824 986 845 sors
998 813 1119 844 ultima
1130 816 1258 852 partem
1272 815 1308 843 et
1322 812 1386 843 475
1401 821 1451 851 sq.
1469 814 1496 842 et
1511 809 1626 841 ambae
1648 808 1652 851 Ι

116 875 200 906 quae
223 876 400 898 numerum
423 866 585 898 claudunt
608 876 699 897 nona
723 869 750 897 et
774 865 942 896 tricesima
963 867 1098 904 partes:
1136 863 1220 894 haec
1245 862 1326 900 duo,
1352 862 1453 894 laedit
1477 865 1512 892 et
1537 861 1657 893 duram

115 920 324 948 consummat
336 920 476 957 partem,
493 927 563 948 non
577 918 685 958 magis
701 927 743 948 ex
760 927 871 957 aequo
884 915 1046 957 ponenda
1058 917 1158 946 erant
1172 924 1278 955 quam
1294 914 1330 944 in
1345 912 1448 944 simili
1458 912 1533 944 loco
1546 922 1578 943 u.
1592 912 1656 943 493

117 968 353 1009 recipiendum
377 971 431 1000 est
454 968 641 1000 accumulat
665 979 685 999 a
710 968 905 999 Matritensi
929 977 991 1008 pro
1015 965 1232 997 accumulans
1256 964 1414 996 oblatum
1504 966 1658 995 ceterum

117 1019 337 1061 neglegenter
357 1030 397 1051 ac
418 1030 527 1061 paene
549 1020 673 1051 uitiose
692 1029 774 1058 pars
794 1019 944 1060 septima
964 1017 1088 1048 duram
1107 1020 1236 1056 partem
1257 1024 1497 1047 consummare
1518 1014 1657 1050 dicitur,

118 1080 198 1102 cum
223 1072 427 1112 praesertim
451 1071 563 1102 eidem
588 1070 758 1102 uocabulo
783 1070 939 1101 diuersae
964 1080 1016 1100 res
1041 1068 1268 1104 subiciantur,
1294 1070 1334 1098 ut
1359 1066 1525 1107 suspicari
1550 1066 1660 1106 possis

119 1124 182 1153 aut
198 1121 262 1153 hoc
278 1133 381 1154 uersu
396 1126 513 1154 sortem
530 1125 592 1153 aut
607 1132 678 1153 sors
693 1122 866 1162 superiore
883 1120 1114 1156 scribendum,
1132 1120 1221 1150 sicut
1238 1129 1270 1150 u.
1289 1119 1353 1149 472
1370 1118 1520 1149 habetur
1534 1116 1661 1148 claudit

118 1183 190 1204 sors
206 1197 214 1204 .
234 1197 240 1204 .
261 1197 268 1204 .
285 1177 424 1213 partem.
473 1173 532 1204 sed
560 1176 697 1214 praeter
723 1173 815 1203 locos
844 1172 887 1202 ad
916 1181 943 1202 11
971 1172 1033 1203 377
1063 1170 1199 1201 adlatos
1226 1169 1420 1210 comparari
1447 1170 1595 1210 possunt
1622 1176 1660 1198 IV

119 1225 184 1256 487
208 1234 309 1265 quam
332 1225 497 1266 (partem)
521 1225 617 1255 tertia
639 1225 748 1265 (pars)
771 1224 882 1263 εἴρηαι
904 1226 940 1254 et
963 1232 991 1254 11
1014 1223 1079 1254 328
1102 1222 1240 1261 triqinta
1262 1220 1412 1260 duplicat
1433 1223 1556 1260 partes,
1578 1228 1662 1258 pars

121 1275 218 1307 tertia
245 1276 368 1308 deerit:
407 1275 495 1307 adde
525 1276 592 1308 Cic.
623 1286 684 1317 pro
714 1275 813 1306 Balb.
844 1275 886 1306 29
911 1277 1032 1306 ceterae
1056 1274 1208 1304 ciuitates
1236 1282 1348 1303 omnes
1375 1282 1444 1302 non
1474 1270 1662 1303 dubitarent

120 1330 249 1359 nostros
269 1327 418 1359 homines
438 1327 580 1367 recipere
600 1328 638 1358 in
658 1337 738 1358 suas
758 1327 911 1358 ciuitates
1000 1325 1152 1356 449—453
1173 1324 1278 1355 Tauri
1298 1326 1415 1365 partes
1436 1332 1475 1354 IX
1493 1331 1563 1354 XIII
1581 1331 1661 1353 XVII

118 1387 200 1409 XXII
226 1387 316 1410 XXIV
342 1387 432 1409 XXVI
458 1387 578 1409 XXVIII
608 1387 683 1409 XXX
772 1377 836 1408 449
867 1379 950 1415 quoi
982 1375 1141 1413 Iacobus,
1182 1384 1250 1413 quo
1282 1378 1365 1407 GLM
1398 1373 1472 1405 cod.
1508 1374 1663 1405 Venetus

122 1428 198 1470 (sed
227 1432 261 1460 M
289 1432 468 1470 praeterea
500 1430 641 1468 tenua),
670 1437 807 1467 quoque
835 1427 911 1459 cod.
939 1427 1028 1458 Flor.
1076 1436 1139 1467 quo
1168 1426 1346 1467 uulgarem
1372 1424 1483 1456 datiui
1511 1424 1661 1455 formam

123 1479 350 1518 Quintiliano,
376 1483 416 1511 ut
439 1490 481 1511 eX
505 1480 584 1511 inst.
612 1489 625 1511 1
649 1480 667 1511 7
692 1480 733 1511 27
758 1479 941 1520 colligitur,
965 1479 1122 1520 ignotam
1147 1477 1278 1508 Birtius
1302 1475 1393 1507 arch.
1420 1476 1497 1507 Lat.
1523 1475 1588 1506 lex.
1613 1483 1662 1506 xv

122 1542 180 1572 pp.
206 1532 291 1562 81-7
313 1532 349 1562 in
378 1531 554 1562 codicibus
587 1531 715 1568 Plauti,
738 1531 913 1567 Varronis,
935 1529 1118 1566 Ciceronis,
1141 1529 1311 1560 Vaticano
1334 1527 1483 1568 Vergilii,
1507 1526 1615 1558 C.I.L.
1639 1535 1664 1558 x

124 1584 208 1614 2311
234 1584 254 1613 2
277 1586 396 1614 extare
420 1582 562 1614 docuit:
599 1582 642 1613 de
665 1583 743 1623 quoi
765 1581 838 1613 dixi
861 1581 905 1612 ad
929 1590 957 1612 11
980 1582 998 1612 7
1090 1580 1153 1610 450
1176 1580 1272 1611 tertia
1292 1582 1367 1619 post
1390 1579 1572 1614 decumam,
1597 1578 1661 1609 462

123 1637 160 1665 et
182 1634 280 1675 Verg.
304 1644 417 1675 georg.
437 1643 450 1665 1
472 1634 536 1664 284
558 1636 710 1673 septuma
728 1636 804 1673 post
824 1633 1007 1669 decumam,
1029 1641 1133 1662 carm.
1158 1631 1262 1672 epigr.
1288 1630 1415 1662 Buech.
1443 1630 1526 1661 1183
1549 1630 1569 1660 6
1588 1632 1665 1668 post

124 1685 287 1717 decimam
310 1686 410 1723 terti-,
436 1685 534 1716 anth.
562 1685 639 1716 Lat.
668 1685 759 1716 Ries.
780 1685 844 1716 486
871 1684 913 1715 89
938 1683 1043 1715 modii
1066 1692 1148 1722 pars
1172 1682 1268 1713 tertia
1291 1685 1366 1721 post
1390 1684 1453 1712 tres
1542 1684 1664 1713 iuncta

125 1737 436 1778 Regiomontanus‚
480 1739 602 1769 iuncta
645 1740 703 1768 est
742 1735 830 1767 libri.
879 1735 1034 1767 decumae
1050 1758 1057 1765 .
1077 1758 1084 1765 .
1105 1758 1111 1765 .
1131 1733 1274 1773 septima
1312 1733 1427 1764 iuncta
1464 1733 1529 1763 495

168 1787 231 1818 451
264 1791 392 1820 notans
405 1786 436 1824 *,
469 1797 597 1820 nocens
620 1786 708 1818 libri.
757 1787 818 1827 qui
842 1785 976 1817 factum
1002 1784 1116 1816 dicam
1140 1788 1181 1816 ut
1207 1794 1269 1815 nec
1295 1783 1445 1824 Scaliger
1469 1793 1530 1814 nec
1558 1783 1663 1814 Bent-

122 1837 220 1876 leius,
239 1848 322 1869 nam
340 1841 473 1870 ceteros
491 1838 551 1869 uix
569 1847 725 1874 numero,
744 1847 787 1868 ne
806 1840 951 1868 externa
969 1835 1111 1877 quidem
1129 1834 1231 1866 huius
1250 1834 1410 1866 uersiculi
1428 1833 1663 1870 deformitate,

124 1899 213 1930 quae
230 1890 266 1920 in
283 1889 349 1921 illis
365 1899 485 1921 nocens
501 1892 652 1921 nocentes
669 1891 771 1920 tanta
790 1891 844 1919 est
864 1891 905 1919 ut
925 1887 981 1919 uel
1001 1887 1137 1928 Fayum
1160 1886 1399 1923 commouerit,
1418 1884 1666 1916 admoneretur

124 1943 166 1972 ut
197 1940 239 1972 de
271 1940 388 1972 Latini
419 1941 585 1972 sermonis
617 1939 749 1981 legibus
781 1939 912 1980 aliquid
947 1939 1117 1980 cogitaret
1148 1947 1235 1969 neue
1266 1936 1438 1968 neutralia
1470 1947 1532 1977 pro
1567 1935 1665 1967 femi-

124 1992 227 2029 ninis,
257 1991 483 2023 distributiua
511 2002 573 2032 pro
603 1990 816 2022 ordinalibus
846 1990 1021 2022 haberet?
1068 1999 1150 2020 nam
1180 1988 1230 2019 bis
1259 1988 1405 2025 undena,
1431 1987 1482 2018 bis
1512 1987 1664 2019 duodena

124 2043 250 2075 uolunt
281 2053 353 2074 esse
380 2052 463 2082 pars
489 2042 782 2079 duoetuicensima,
814 2051 896 2081 pars
925 2041 1112 2072 uicensima
1139 2043 1267 2080 quarta.
1316 2039 1415 2080 atqui
1444 2039 1664 2070 notissimum

125 2104 198 2126 esse
220 2093 372 2125 debebat
391 2103 474 2134 pars
494 2093 545 2125 bis
566 2093 702 2125 undena
723 2093 846 2124 Latine
868 2102 938 2124 non
960 2095 1096 2133 partem
1118 2091 1452 2122 duoetuicensimam
1474 2090 1667 2131 significare

122 2145 183 2177 sed
198 2145 323 2187 uiginti
336 2145 423 2176 duas
437 2148 554 2186 partes
569 2157 577 2182 ;
605 2144 703 2176 uelut
717 2145 815 2185 Verg.
833 2144 917 2175 Aen.
934 2152 957 2175 V
974 2144 1036 2174 120
1050 2145 1140 2174 terno
1153 2142 1269 2173 ordine
1282 2152 1345 2183 pro
1360 2141 1472 2172 tribus
1486 2140 1665 2173 ordinibus

124 2197 279 2238 positum
297 2199 361 2234 est,
381 2196 457 2228 Sen.
479 2196 550 2227 H.f.
575 2197 658 2227 1282
677 2195 785 2227 labore
803 2195 853 2226 bis
871 2204 949 2226 seno
967 2204 1029 2235 pro
1047 2193 1231 2225 duodecim
1249 2192 1436 2229 laboribus,
1457 2192 1513 2225 Sil.
1533 2201 1583 2224 XV
1601 2193 1665 2224 257

123 2252 170 2279 ter
188 2249 274 2280 dena
292 2247 372 2279 boue
389 2258 452 2289 pro
471 2248 615 2289 triginta
634 2247 757 2279 bubus.
805 2246 932 2288 legitur
950 2244 1091 2286 quidem
1109 2245 1145 2276 in
1163 2244 1335 2285 plerisque
1355 2243 1471 2276 Ouidii
1489 2243 1669 2276 codicibus

124 2300 194 2331 her.
211 2308 251 2331 XI
266 2300 308 2331 45
324 2309 374 2340 sq.
392 2299 462 2330 iam
476 2299 619 2330 nouiens
634 2301 702 2329 erat
717 2301 788 2329 orta
802 2307 893 2329 soror
913 2296 1140 2337 pulcherrima
1159 2295 1284 2327 Phoebi
1305 2293 1309 2338 Ι
1329 2295 1491 2336 denaque
1511 2294 1667 2336 luciferos

125 2351 208 2382 luna
230 2350 381 2382 mouebat
404 2359 511 2391 equos,
535 2349 596 2381 sed
618 2349 704 2381 liber
727 2349 880 2391 optimus
904 2348 1102 2380 Puteaneus
1124 2356 1278 2387 nouaque
1299 2346 1445 2383 exhibit,
1469 2346 1667 2378 Gronouius

122 2402 287 2442 plenaque
316 2401 494 2433 Bentleius
521 2410 692 2441 pronaque
721 2400 913 2442 proposuit,
944 2399 1061 2440 potuit
1089 2398 1197 2429 etiam
1226 2401 1255 2429 et
1283 2407 1374 2428 noua
1402 2398 1449 2429 sic
1479 2398 1665 2440 corrumpi,

125 2453 302 2494 quomodo
321 2456 350 2484 et
367 2456 446 2484 nota
463 2453 500 2484 in
518 2455 659 2493 notaque
677 2452 765 2483 abiit
784 2451 876 2483 Man.
897 2459 927 2483 11
945 2451 1017 2483 778.
1067 2460 1169 2491 porro
1189 2450 1225 2481 in
1243 2448 1397 2481 eiusdem
1418 2449 1534 2481 Ouidii
1552 2448 1665 2486 fastis,

126 2514 169 2536 111
187 2505 259 2541 124,
275 2513 394 2535 omnes
407 2503 485 2536 libri
501 2503 559 2535 bis
572 2504 689 2544 quino
701 2503 834 2544 femina
846 2512 956 2534 mense
972 2501 1074 2541 parit,
1089 2500 1184 2542 quod
1198 2501 1258 2541 qui
1274 2511 1336 2542 pro
1352 2500 1470 2531 decem
1489 2500 1666 2532 mensibus

125 2556 211 2588 uelit
231 2555 384 2596 accipere
402 2554 550 2586 forsitan
568 2555 658 2587 tueri
676 2555 786 2596 possit
804 2553 940 2585 collatis
958 2553 1042 2585 Gell.
1062 2561 1127 2584 XIV
1148 2553 1163 2584 1
1188 2553 1228 2584 19
1246 2551 1343 2583 aliud
1360 2551 1530 2583 stellarum
1548 2561 1665 2592 aqrnen

125 2631 134 2639 .
154 2631 161 2638 .
181 2631 188 2638 .
209 2631 217 2644 ‚
238 2615 302 2647 quo
320 2605 471 2645 primum
490 2609 633 2646 tempore
652 2606 877 2645 conciperetur
896 2604 991 2636 homo
1011 2604 1049 2636 in
1069 2607 1160 2635 utero
1179 2602 1308 2640 matris,
1329 2602 1426 2634 aliud
1443 2605 1568 2642 postea,
1590 2612 1666 2633 cum

125 2659 163 2690 in
182 2658 290 2690 decem
308 2656 477 2688 mensibus
498 2657 666 2696 proximis
684 2657 722 2688 in
741 2657 846 2688 lucem
871 2656 1016 2687 ederetur
1039 2658 1076 2686 et
1097 2654 1186 2687 Stat.
1207 2654 1314 2685 Theb.
1336 2662 1350 2685 1
1374 2654 1484 2685 575-8
1509 2663 1663 2695 namque,

125 2713 162 2740 ut
173 2719 278 2749 pas-sa
290 2709 387 2741 deum
400 2708 559 2740 Nemeaei
571 2708 781 2750 adfluminis
793 2707 931 2745 undam,
953 2705 959 2749 1
978 2706 1028 2738 bis
1041 2705 1161 2748 quinos
1171 2705 1274 2745 plena
1286 2715 1361 2736 cum
1368 2704 1479 2746 fronte
1491 2709 1666 2737 resumeret

125 2760 216 2792 orbes
236 2758 242 2803 1
261 2759 419 2801 Cynthia,
439 2758 603 2791 sidereum
622 2760 770 2791 Latonae
783 2758 854 2800 feta
873 2761 1022 2798 nepotem
1043 2756 1048 2800 Ι
1068 2757 1170 2789 edidit
1187 2769 1195 2795 ;
1230 2755 1291 2789 sed
1309 2755 1403 2788 facili
1421 2755 1664 2788 emendatione

125 2811 321 2853 Maduigius
342 2810 421 2842 adu.
441 2811 516 2842 crit.
540 2819 570 2843 11
588 2821 621 2852 p.
648 2811 710 2843 106
731 2810 782 2842 bis
802 2810 927 2851 quinto,
946 2807 1242 2850 quemadmodum
1267 2807 1347 2839 fast.
1369 2816 1411 2839 111
1436 2808 1478 2840 93
1503 2807 1667 2839 scribitur

127 2863 178 2895 bis
202 2863 356 2904 quintum
381 2863 575 2903 (mensem),
601 2870 639 2894 VI
671 2862 736 2894 768
759 2862 919 2903 quintus
943 2860 983 2892 ab
1009 2863 1148 2892 extremo
1172 2869 1282 2891 mense
1306 2859 1363 2890 bis
1388 2858 1443 2890 ille
1467 2859 1548 2896 dies,
1576 2859 1662 2890 Plin.
