1872 3183
601 145 1086 190 ASTRONOMICON
1119 145 1184 187 IV
1611 144 1665 184 95

169 264 238 295 725
292 262 542 312 progenerat
561 257 831 313 mediumque
850 257 953 299 facit
973 256 1191 298 moderata
1210 260 1400 297 tenorem
1419 269 1427 303 ;

293 331 378 372 iam
396 331 566 386 propior
585 331 793 387 tellusque
812 337 966 373 natans
985 331 1196 386 Aegyptia
1215 329 1313 371 Nilo

293 404 426 446 lenius
444 405 616 460 inriguis
635 405 819 447 infuscat
838 420 1013 461 corpora
1031 404 1205 460 campis.

130 509 295 551 plerique,
317 510 410 552 quod
430 521 492 542 nec
512 521 573 552 per
592 521 627 543 se
649 511 778 543 bonum
798 514 861 548 est,
883 521 963 542 cum
982 514 1090 551 grentes
1110 510 1213 543 modo
1233 512 1523 542 commemoratae
1544 507 1663 548 imagi-

130 562 248 593 nariae
273 562 353 599 sint,
379 572 450 594 non
475 562 709 604 Aethiopicae,
743 566 778 594 et
807 564 920 594 minus
955 563 1047 594 facili
1080 562 1119 594 fit
1152 563 1355 594 mutatione.
1401 570 1526 602 nempe
1562 557 1666 590 semel

131 613 260 654 scripta
277 623 383 654 quam
400 613 451 645 bis
467 615 632 655 scriptam
649 615 804 656 oportuit
820 614 954 656 syllaba
971 614 1126 646 restabat
1143 617 1200 651 tos,
1219 613 1312 655 quod
1329 623 1408 644 cum
1426 612 1541 653 aliquo
1560 609 1664 642 modo

131 663 363 705 supplendum
383 667 483 702 esset,
506 665 700 696 ablatiuum
721 665 867 697 subiecit
887 664 972 696 illud
992 665 1115 696 minus.
1163 665 1280 706 inepte
1302 664 1439 696 Ellisius
1459 663 1545 698 tosti,
1567 661 1666 702 quasi

132 714 239 746 Indos
266 715 494 757 Aethiopibus
523 716 700 757 pauciores
728 726 800 748 esse
829 719 933 758 poeta
961 716 1066 747 dicat.
1114 715 1174 747 sed
1202 726 1310 757 paene
1338 716 1465 746 irascor
1493 712 1577 745 mihi
1606 712 1665 753 qui

131 765 300 797 traditam
320 766 502 798 lectionem
523 777 593 798 non
614 767 735 805 feram,
758 770 831 799 tam
852 767 988 799 facilem
1009 767 1104 798 illam
1125 770 1161 798 et
1181 766 1379 808 expeditam
1401 768 1441 797 ut
1461 775 1531 796 non
1552 764 1666 795 minus

132 820 202 848 tres
221 818 522 859 interpretationes
541 818 640 860 longe
659 819 750 850 inter
769 829 804 850 se
824 818 977 850 diuersas
997 819 1151 860 recipiat,
1171 828 1213 850 ex
1233 818 1359 859 quibus
1379 817 1556 859 optionem
1575 814 1665 846 facio

131 868 250 900 lectori
271 879 348 900 eam
371 878 459 910 quae
482 870 632 901 maxime
654 869 790 911 placeat
812 869 968 911 eligendi.
1016 870 1122 911 igitur
1144 869 1293 910 Scaliger
1316 869 1324 882 ‘
1338 868 1440 900 India
1462 869 1667 909 progenerat

131 919 286 951 homines
309 930 380 952 non
403 923 524 958 tostos,
549 924 590 952 ut
613 921 813 963 Aethiopas,
837 921 897 952 sed
920 921 1034 952 minus
1058 921 1159 952 tostis
1174 921 1195 958 '‚
1220 920 1368 952 Iacobus
1417 919 1424 932 ⁵
1439 918 1540 950 India
1563 917 1666 948 tostis

131 969 312 1002 moderata
337 974 492 1002 tenorem
517 971 603 1003 facit
618 972 638 1009 ',
666 972 840 1004 Breiterus
869 972 1097 1013 ‘progenerat
1123 971 1224 1003 India
1251 972 1397 1012 (gentes)
1424 971 1537 1001 minus
1564 968 1665 1000 tostis

131 1021 357 1062 (hominibus)
372 1022 392 1054 ’.
440 1025 593 1054 ceterum
608 1022 686 1054 uide
701 1023 814 1056 Strab.
831 1032 859 1055 11
874 1034 905 1064 p.
926 1024 986 1055 103
1001 1026 1078 1055 τοὺσ
1096 1024 1218 1055 Ἰνδοῠσ
1240 1025 1302 1054 τῶν
1324 1024 1484 1054 Αἰθιόπων
1509 1022 1665 1060 διαφέρω

129 1075 193 1104 τῶν
210 1076 242 1105 ἐν
259 1075 374 1114 Λιβύῃ,
393 1076 632 1114 εὐερνεστέρουσ
649 1077 712 1115 ’γὰρ
729 1077 807 1105 εἶναι
826 1078 876 1105 καὶ
892 1074 987 1112 ἦττον
1009 1076 1145 1115 ἕψεσθαι
1165 1074 1204 1114 τῇ
1222 1076 1354 1114 ξηρασὶᾳ
1371 1076 1425 1104 τοῦ
1446 1073 1668 1113 περιέχοντοσ»

131 1124 218 1156 Ρ1111.
253 1124 323 1156 11.11.
358 1133 396 1156 VI
428 1126 470 1156 70
502 1135 524 1156 α
555 1126 667 1165 Ganqe
698 1136 796 1156 uersa
827 1126 872 1157 ad
906 1126 1077 1157 meridiem
1106 1126 1210 1166 playa
1241 1126 1414 1166 linquatur
1443 1124 1508 1155 sole
1532 1121 1666 1164 populi,

131 1176 202 1207 iam
227 1175 361 1216 quidem
389 1176 515 1217 infecti,
544 1177 692 1208 nondum
719 1180 828 1208 tamen
860 1177 1064 1218 Aethiopum
1096 1178 1190 1208 modo
1225 1177 1330 1208 exusti
1418 1176 1480 1207 725
1509 1174 1667 1210 medium,

132 1227 264 1268 opinor,
284 1227 373 1258 inter
391 1227 579 1269 Aethiopas
598 1231 644 1265 et,
665 1229 724 1269 qui
742 1227 897 1260 nondum
916 1229 1178 1260 commemorati
1197 1230 1289 1265 sunt,
1309 1227 1500 1268 Aegyptios
1516 1238 1524 1264 ;
1556 1234 1667 1266 neque

131 1278 224 1309 enim
245 1278 336 1309 inter
356 1278 545 1320 Aethiopas
568 1278 815 1320 Romanosque
837 1279 948 1310 colore
971 1279 1103 1310 medius
1125 1282 1199 1310 erat
1222 1278 1348 1310 Mauro
1369 1278 1535 1309 obscurior
1560 1275 1669 1308 Indus

132 1339 236 1370 quem
254 1329 337 1361 dicit
349 1329 524 1361 quenalis
539 1339 580 1362 XI
599 1331 671 1362 125.
720 1331 828 1372 magis
843 1332 948 1362 miror
959 1331 1159 1362 moderatam
1171 1330 1338 1372 appellari
1350 1329 1473 1362 talium
1486 1328 1666 1360 hominum

133 1380 288 1412 altricem
299 1383 438 1418 terram,
452 1381 546 1422 quod
559 1381 738 1423 epitheton
752 1381 865 1414 multo
878 1381 999 1414 melius
1012 1382 1172 1423 Aegypto
1185 1382 1348 1413 conuenit
1359 1391 1429 1413 non
1441 1381 1510 1412 iam
1523 1380 1668 1412 torrenti

132 1441 276 1473 corpora
296 1431 356 1463 sed
376 1432 621 1464 tantummodo
642 1432 829 1464 infuscanti
918 1434 980 1465 726
996 1437 1140 1472 propior
1160 1432 1235 1471 GL2,
1253 1442 1382 1471 propor
1401 1436 1436 1470 L,
1456 1435 1618 1471 proprior
1634 1435 1667 1462 M

220 1493 281 1524 que
303 1484 508 1524 particulam
532 1485 591 1525 qui
613 1484 717 1516 semel
741 1488 802 1516 aut
824 1485 962 1522 iterum,
986 1488 1026 1516 ut
1049 1484 1094 1516 ad
1117 1494 1131 1516 1
1155 1486 1192 1516 ll
1217 1484 1396 1522 adnotaui‚
1421 1482 1571 1516 seeundo
1593 1482 1668 1514 loco

132 1535 249 1575 posuit
272 1538 376 1576 poeta
400 1538 440 1566 ut
464 1535 528 1567 hoc
553 1546 654 1567 uersu
678 1539 714 1567 et
738 1545 751 1567 1
776 1537 840 1568 847
864 1535 909 1567 ad
934 1537 1077 1568 tertium
1102 1537 1254 1567 reiecerit
1279 1546 1348 1567 non
1373 1538 1426 1567 est
1450 1535 1522 1566 ueri
1547 1534 1667 1571 simile,

132 1585 321 1627 meliusque
346 1586 494 1618 Iacobus
522 1586 613 1618 hunc
642 1587 797 1619 ordinem
828 1598 900 1618 esse
929 1588 989 1624 ait,
1016 1588 1086 1619 iam
1110 1588 1249 1628 propior
1272 1591 1457 1627 natansque
1482 1586 1575 1623 Nilo,
1602 1588 1667 1618 ἀπὸ

131 1640 235 1669 κοινοῦ
259 1637 427 1669 collocato
452 1637 586 1670 telluris
617 1639 768 1670 nomine.
817 1638 881 1669 hoc
907 1649 949 1670 ex
975 1649 1052 1671 raro
1078 1638 1168 1670 illius
1201 1638 1329 1680 figurae
1360 1648 1483 1678 genere
1509 1641 1572 1674 est,
1599 1647 1668 1678 quo

132 1688 393 1720 substantiuum
421 1689 466 1720 ad
494 1689 563 1721 duo
591 1689 764 1721 adiectiua
792 1690 968 1731 pertinens
995 1690 1146 1722 secundo
1175 1690 1315 1721 demum
1343 1689 1543 1730 adiungitur
1570 1689 1669 1730 eique

131 1740 379 1781 praemittitur,
405 1743 446 1771 ut
471 1740 553 1772 Hor.
581 1751 680 1772 serm.
708 1750 722 1772 1
747 1742 767 1772 6
796 1743 854 1773 101
882 1751 931 1782 sq.
959 1741 1128 1773 ducendus
1150 1744 1177 1772 et
1197 1751 1287 1772 unus
1309 1739 1314 1784 Ι
1334 1744 1362 1772 et
1386 1751 1505 1772 comes
1525 1740 1605 1771 alter
1627 1740 1669 1779 (si

132 1794 252 1822 tamen
268 1791 530 1823 substantiuum
552 1795 605 1823 est
627 1794 757 1832 comes),
778 1792 875 1824 Lucr.
899 1801 926 1824 11
949 1793 1013 1825 860
1029 1792 1167 1834 frayoea
1185 1793 1292 1833 putri,
1310 1802 1396 1823 caua
1413 1801 1566 1832 corpore
1582 1801 1669 1827 raro,

133 1841 233 1874 Ouid.
253 1846 334 1874 met.
350 1851 364 1874 1
376 1843 418 1874 98
432 1853 500 1874 non
513 1843 591 1874 tuba
603 1843 731 1881 derecti,
745 1853 814 1875 non
832 1845 913 1875 aeri
918 1854 934 1875 3
950 1853 1076 1876 cornua
1081 1844 1175 1885 flexi,
1191 1853 1235 1875 111
1248 1845 1314 1876 218
1329 1847 1356 1875 et
1369 1844 1482 1874 niueis
1492 1843 1624 1874 Leucon
1639 1846 1668 1873 et

131 1892 247 1924 uillis
270 1893 415 1924 Asbolus
431 1894 524 1931 atris,
551 1894 642 1926 Stat.
665 1894 773 1926 Theb.
791 1904 831 1926 ix
849 1896 915 1927 3:24
932 1905 1022 1926 nanc
1038 1895 1096 1926 hoc
1114 1905 1204 1927 nunc
1220 1895 1388 1936 maraine
1405 1894 1447 1926 ab
1464 1894 1522 1926 illo
1537 1906 1545 1932 ;
1565 1893 1669 1936 paulo

130 1943 348 1985 frequentius
376 1944 524 1976 duorum
553 1947 792 1986 genetiuorum
822 1946 973 1978 medium
1002 1956 1129 1978 nomen
1157 1947 1309 1988 ponitur,
1339 1946 1436 1977 uelut
1466 1945 1566 1978 Ouid.
1598 1945 1667 1976 her.

132 2003 160 2026 11
177 1996 220 2027 70
236 1996 327 2027 tauri
342 1996 509 2036 mixtaque
519 1996 647 2037 forma
663 1997 744 2034 uiri,
763 1998 863 2039 Prop.
888 2007 916 2028 11
934 1999 976 2029 26
993 1999 1035 2030 23
1052 1998 1083 2028 si
1100 1997 1283 2038 Cambysae
1304 1997 1436 2029 redeunt
1456 1996 1668 2037 etflumina

132 2046 257 2084 Croesi,
282 2046 363 2078 Luc.
389 2055 432 2078 111
455 2048 520 2078 274
543 2058 592 2088 sq.
618 2048 784 2088 Asiaeque
807 2052 835 2079 et
858 2049 1044 2079 terminus
1066 2048 1154 2080 idem
1175 2047 1180 2090 1
1202 2049 1368 2088 Europae,
1392 2048 1466 2079 Val.
1492 2047 1542 2078 Fl.
1568 2056 1581 2079 1
1607 2048 1667 2080 103

129 2096 251 2137 quibus
272 2107 430 2129 aruornm
451 2097 687 2138 studiumque
713 2099 856 2130 insontis
878 2099 991 2136 aratri,
1011 2100 1143 2131 Colum.
1164 2108 1187 2130 x
1208 2101 1270 2131 155
1289 2099 1411 2131 Phrixi
1430 2109 1488 2130 nec
1504 2099 1667 2139 portitor

129 2148 253 2180 Helles.
294 2147 454 2180 Manilius
470 2158 498 2180 11
516 2150 580 2181 325
594 2159 643 2190 sq.
661 2150 715 2180 sin
733 2160 864 2181 summa
874 2151 1001 2190 prioris
1022 2149 1026 2193 Ι
1048 2154 1075 2181 et
1089 2160 1183 2190 pars
1196 2150 1360 2191 confertur
1373 2149 1542 2181 subiuncta·
1553 2150 1669 2190 prima

128 2203 165 2231 et
183 2207 220 2231 IV
240 2199 305 2231 224
323 2209 413 2231 nunc
432 2199 614 2237 hominum,
633 2210 722 2232 nunc
739 2200 835 2232 bella
849 2204 963 2240 qerzmt
979 2201 1125 2232 uiolenta
1135 2201 1296 2242 ferarum,
1318 2201 1379 2233 sed
1394 2203 1446 2233 ita
1462 2204 1503 2232 ut
1520 2201 1666 2233 uerbum

128 2260 270 2292 quoque
305 2253 370 2283 ἀπὸ
401 2254 505 2283 κοινοῦ
536 2253 692 2293 posuerit
782 2253 844 2283 727
877 2255 992 2284 lenius
1017 2251 1115 2283 codd.
1143 2252 1231 2283 Flor.
1258 2256 1294 2284 et
1327 2251 1438 2289 Bodl.,
1463 2255 1571 2284 linius
1607 2256 1671 2289 GL,

129 2305 236 2333 imnis
255 2305 289 2334 Μ
378 2305 525 2340 irriguis
547 2303 622 2339 GN,
644 2306 803 2341 irrigim's
829 2307 864 2341 L,
888 2306 1039 2342 uirginis
1065 2307 1098 2335 Μ
1189 2303 1336 2335 Achilles
1362 2303 1483 2335 Tatius
1510 2312 1552 2335 11’1
1579 2304 1599 2335 9
1626 2303 1668 2335 de

131 2352 325 2384 latronibus
346 2352 526 2394 Aegyptiis
551 2357 691 2391 μέλανεσ
708 2378 715 2384 .
736 2377 743 2385 .
761 2377 769 2385 .
788 2356 847 2392 τὴν
864 2357 987 2395 χροιὰν,
1007 2357 1041 2386 οὐ
1059 2356 1141 2386 κατὰ.
1156 2357 1214 2393 τὴν
1231 2358 1292 2386 τῶν
1311 2356 1421 2386 Ἰνδῶν
1439 2357 1497 2393 τὴν
1515 2360 1662 2395 ἄκρατον,

132 2404 206 2435 ἀλλ’
230 2406 298 2436 οἴοσ
321 2407 359 2436 ἂν
379 2408 504 2445 γένοιτο
528 2408 622 2437 νόθοσ
645 2408 762 2446 Αἰθίοψ
853 2415 896 2436 ne
920 2415 1011 2436 1111110
1035 2405 1175 2447 quidem
1198 2405 1309 2438 abicio
1334 2416 1441 2447 quam
1465 2416 1556 2438 anno
1585 2407 1668 2439 1903

132 2456 296 2496 proposui
315 2456 560 2493 coniecturam,
577 2457 639 2487 hos
654 2466 772 2487 uersus
786 2457 832 2487 sic
848 2466 868 2487 a
883 2459 987 2497 poeta
1000 2456 1174 2498 profectos
1187 2466 1259 2488 esse
1275 2470 1282 2489 :

779 2518 893 2548 minus
909 2517 1011 2548 India
1027 2520 1138 2550 tostos

223 2568 288 2599 725
334 2571 538 2609 progenerat
552 2580 561 2605 ;
583 2567 588 2611 Ι
608 2568 778 2609 tellusque
794 2572 920 2600 natans
936 2569 1109 2611 Aegyptia
1125 2569 1204 2602 Nilo
1514 2570 1577 2602 726

222 2619 285 2650 727
333 2618 441 2651 lenius
458 2621 603 2660 inriguis
620 2620 772 2652 infuscat
789 2631 932 2662 corpora
950 2622 1081 2662 campis
1515 2622 1576 2653 727

222 2670 287 2702 726
332 2670 402 2701 iam
419 2671 557 2712 propior
577 2670 583 2713 Ι
602 2671 824 2712 mediumque
840 2671 924 2703 facit
941 2671 1120 2703 moderata
1136 2675 1299 2704 tenorem.
1512 2674 1576 2704 725

133 2731 184 2763 ita
203 2731 350 2763 medium
368 2741 439 2763 non
458 2742 555 2764 secus
574 2742 613 2763 ac
630 2733 768 2773 propior
787 2733 831 2764 ad
851 2733 1027 2765 Romanos
1053 2737 1188 2775 spectat
1214 2737 1249 2765 et
1274 2737 1397 2775 aptum
1423 2736 1464 2767 fit
1488 2735 1662 2767 moderata.

132 2783 271 2815 librario
287 2793 308 2814 a
326 2783 437 2824 priore
454 2793 515 2824 que
533 2783 578 2815 ad
597 2783 743 2816 alterum
768 2784 909 2826 delapso
928 2787 1024 2816 totus
1042 2795 1160 2817 uersus
1179 2786 1242 2817 727
1262 2795 1341 2817 cum
1359 2785 1495 2818 duobus
1514 2786 1669 2819 dimidiis

135 2835 252 2866 omitti
280 2838 471 2876 potuerunt
498 2838 534 2867 et
562 2836 598 2867 in
626 2835 837 2878 marginibus
866 2836 1086 2868 membratim
1116 2836 1282 2879 adscripti
1309 2837 1453 2869 confuso
1482 2838 1666 2870 uerborum
