1872 3183
176 116 231 155 62
765 114 827 157 Μ.
860 115 1114 158 MANILII

337 230 381 266 et
399 225 560 267 ceruice
580 225 693 280 prior
713 225 822 267 flexa
842 240 972 281 quam
991 225 1188 269 cornibus
1208 227 1301 278 ibit,

336 313 423 341 non
442 304 648 341 contenta
667 314 744 341 suo
762 300 981 355 generabit
999 305 1172 356 pectora
1191 317 1319 344 censu

337 378 380 415 et
400 373 521 415 dabit
540 373 585 415 in
603 373 782 429 praedas
802 375 965 416 animos
985 374 1206 431 soluetque
1225 376 1430 432 pudorem
1451 392 1459 419 z

337 452 511 490 tantum
530 447 686 490 audere
705 447 841 491 iuuat.
899 449 957 491 sic
977 449 1066 505 ipse
1085 450 1129 491 in
1147 465 1305 493 cornua
1325 451 1458 493 fertur

211 529 280 562 510
336 526 386 564 ut
405 527 504 564 ruat
523 527 599 564 aut
619 523 777 565 uincat.
835 538 920 565 non
940 523 1032 565 illos
1052 524 1221 566 sedibus
1242 525 1375 567 isdem

337 596 480 638 mollia
499 611 573 652 per
592 597 780 653 placidas
800 597 1015 640 delectant
1034 599 1124 640 otia
1143 614 1277 650 curas,

335 671 409 712 sed
428 671 551 714 iuuat
569 671 736 727 ignotas
757 687 920 728 semper
939 673 1120 715 transire
1138 688 1213 729 per
1233 675 1358 716 urbes

335 746 599 801 scrutarique
618 761 779 789 nouum
799 747 972 803 pelagus
991 748 1125 789 totius
1145 753 1189 790 et
1208 763 1296 790 esse

337 820 449 862 orbis
468 820 512 862 in
532 821 730 876 hospitio.
788 822 913 863 testis
932 822 1012 864 tibi
1032 822 1209 878 Laniger
1231 823 1331 879 ipse,

213 902 281 933 515
337 909 436 937 cum
457 895 643 938 uitreum
664 895 829 938 findens
852 896 1022 939 aurauit
1043 896 1196 939 uellere
1218 904 1399 953 pontum

170 1036 209 1059 1v
226 1030 292 1061 456
309 1040 374 1071 sq„
392 1031 513 1069 495—7,
533 1033 596 1063 577
615 1042 665 1073 sq.
685 1032 883 1065 habentur:
914 1034 1012 1075 paria
1032 1036 1068 1065 et
1092 1035 1222 1075 pariter
1243 1034 1409 1066 mendosa
1426 1044 1516 1076 quae
1534 1042 1577 1066 111
1595 1035 1719 1070 331-4,

171 1081 237 1112 360
256 1091 320 1123 sq.,
341 1084 406 1114 495
426 1093 489 1124 sq„
511 1092 549 1115 1v
572 1085 644 1122 127,
666 1093 689 1116 v
711 1086 773 1117 195
792 1095 857 1126 sq.,
878 1086 1011 1117 236-44
1102 1086 1163 1116 506
1184 1095 1212 1117 11
1231 1087 1296 1117 212
1316 1097 1379 1118 sua
1397 1086 1580 1126 respiciens
1598 1089 1718 1117 aurato

170 1131 289 1164 uellere
314 1136 403 1174 terga
493 1135 555 1166 508
582 1136 619 1166 in
644 1136 788 1175 praedas
814 1136 957 1174 animos,
984 1136 1194 1178 praedarum
1220 1139 1473 1179 appetentiam,
1499 1147 1583 1169 nam
1609 1136 1717 1168 dandi

170 1183 317 1216 uerbum
339 1186 391 1216 ita
413 1187 556 1227 ponitur
578 1190 619 1218 ut
641 1198 673 1218 u.
699 1188 764 1218 526
786 1191 822 1219 et
844 1188 985 1229 passim.
1033 1188 1171 1220 dixerat
1193 1189 1258 1219 252
1281 1189 1319 1219 in
1341 1192 1446 1220 uestes
1467 1189 1628 1226 studium,
1652 1189 1718 1220 274

170 1234 208 1265 in
225 1238 368 1275 pontum
388 1237 549 1275 studium,
570 1238 662 1269 unde
682 1241 718 1270 et
737 1239 805 1270 huc
825 1242 860 1270 et
881 1239 1016 1281 longius
1036 1239 1081 1270 ad
1101 1239 1192 1271 dabit
1211 1239 1249 1271 in
1269 1239 1381 1271 lusum
1400 1250 1506 1271 mores
1525 1241 1652 1280 (mores
1672 1239 1718 1271 ad

169 1285 285 1318 lusum
309 1288 480 1328 procliues
505 1289 651 1329 tribuet)
677 1299 700 1321 v
724 1291 790 1322 450
814 1301 1013 1332 progressus
1038 1294 1100 1322 est.
1150 1291 1188 1322 in
1212 1292 1506 1333 praepositionem
1530 1301 1611 1322 cum
1635 1300 1718 1323 casu

169 1346 232 1368 suo
248 1348 290 1369 ea
306 1338 416 1380 figura
432 1350 522 1381 quae
540 1342 593 1381 ὑφ’
607 1344 640 1372 ἕν
656 1344 804 1372 uocatur
820 1341 1044 1373 substantiuo
1065 1342 1227 1373 adiunxit
1243 1343 1351 1374 etiam
1372 1351 1410 1374 1v
1433 1343 1495 1375 109
1512 1342 1550 1374 in
1563 1343 1720 1382 praemia

169 1388 280 1427 donis,
300 1398 323 1421 V
344 1391 406 1422 152
425 1391 463 1422 in
482 1401 582 1423 usum
600 1393 745 1432 teqmina
756 1392 898 1432 plantis.
948 1393 1107 1424 similiter
1119 1394 1155 1424 in
1169 1394 1276 1424 animi
1290 1393 1461 1425 uocabulo
1476 1393 1595 1425 Liuius
1609 1402 1622 1425 1
1636 1394 1678 1425 55
1697 1395 1715 1425 7

169 1440 351 1480 augebatur
377 1443 422 1474 ad
448 1443 610 1482 inpensas
637 1444 724 1483 regis
750 1444 899 1481 animus,
926 1453 1007 1475 XXII
1034 1445 1076 1475 26
1107 1446 1121 1476 1
1150 1446 1297 1484 pecunia
1313 1469 1321 1477 .
1340 1470 1348 1477 .
1368 1469 1375 1477 .
1394 1445 1527 1477 animos
1553 1446 1597 1478 ad
1623 1455 1718 1486 spem

168 1491 370 1525 liberalioris
384 1493 543 1534 fortunae
558 1495 650 1536 fecii,
673 1496 813 1528 Curtius
834 1505 857 1527 v
879 1497 898 1528 3
923 1497 959 1527 ll
982 1496 1139 1536 pluribus
1160 1497 1204 1528 ad
1218 1496 1339 1537 faqam
1359 1497 1497 1529 animus
1511 1496 1584 1538 fuit

214 1548 330 1577 soluet
350 1549 386 1583 G,
407 1550 516 1578 soluit
533 1551 590 1578 LM
681 1548 744 1578 509
764 1552 906 1580 tantum
929 1552 974 1584 M,
994 1552 1099 1580 tanta
1119 1552 1167 1580 GL
1186 1548 1260 1579 cod.
1278 1548 1432 1580 Venetus
1521 1552 1652 1581 audere
1671 1552 1717 1585 M,

169 1598 293 1628 audire
307 1600 356 1628 GL
448 1597 456 1609 ‘
467 1601 598 1629 lantum
611 1598 709 1629 iuuat
722 1601 758 1630 τὸ
771 1599 891 1630 audere
904 1611 911 1630 :
935 1609 1005 1629 non
1020 1598 1146 1640 uapide
1160 1599 1257 1630 iuuat
1270 1599 1390 1631 audere
1401 1602 1494 1631 tanta
1506 1600 1513 1612 '
1525 1599 1714 1631 Bentleius.

167 1650 323 1679 ceterum
352 1651 484 1680 tantum
513 1649 558 1681 ad
588 1649 844 1691 praecedentia,
874 1650 922 1681 sic
953 1650 997 1681 ad
1027 1651 1247 1691 insequentia
1276 1650 1424 1682 refertur
1514 1651 1587 1691 ipse
1617 1652 1718 1688 aries,

168 1699 310 1737 animal,
327 1710 398 1731 non
414 1700 521 1738 sidus,
539 1701 633 1742 quod
649 1702 764 1743 capite
781 1701 907 1733 reflexo
924 1702 1094 1743 figuratur
1184 1703 1222 1733 in
1238 1712 1363 1734 cornua
1373 1702 1492 1743 fertur,
1509 1703 1545 1734 in
1561 1712 1716 1744 pugnam

168 1750 331 1782 cornibus
360 1752 663 1790 committendam,
693 1752 991 1794 quemadmodum
1020 1753 1148 1784 dicitur
1177 1754 1215 1784 in
1243 1764 1348 1785 arma.
1398 1754 1497 1795 Verg.
1528 1764 1641 1796 georg.
1673 1763 1717 1786 111

168 1801 233 1833 232
252 1804 288 1834 et
307 1802 392 1834 Aen.
412 1812 466 1834 XII
488 1805 550 1835 104
569 1804 672 1835 irasci
691 1804 728 1835 in
746 1814 883 1842 cornua,
903 1804 1004 1837 Ouid.
1026 1808 1108 1836 met.
1130 1813 1197 1835 vm
1217 1805 1280 1835 882
1299 1805 1390 1836 uires
1408 1805 1447 1836 in
1464 1814 1590 1836 cornua
1608 1815 1718 1843 sumo,

167 1851 308 1884 Nemes.
329 1853 405 1885 buc.
426 1863 463 1885 1v
481 1856 525 1886 34
540 1865 602 1894 pro
620 1855 723 1886 niuea
744 1856 847 1887 coiere
869 1856 906 1886 in
928 1865 1054 1886 cornua
1075 1865 1188 1892 uacca,
1212 1855 1293 1886 Eur.
1319 1855 1445 1886 Bacch.
1465 1857 1530 1888 743
1551 1859 1600 1888 εἱσ-
1616 1858 1715 1896 κέρασ

168 1906 356 1943 θυμούμενοι
447 1906 510 1936 510
532 1906 753 1947 interpunxit
778 1906 956 1938 Bentleius
1047 1911 1088 1938 ut
1109 1910 1134 1938 G
1156 1906 1231 1937 cod.
1249 1907 1414 1944 Venetus,
1431 1911 1466 1939 et
1486 1910 1544 1939 ΕΜ
1633 1912 1718 1940 ruat.

167 1958 217 1987 GL
235 1955 311 1987 cod.
334 1956 500 1994 Venetus,
519 1961 594 1989 ruit
616 1957 664 1994 L2,
685 1961 766 1990 ruet
785 1961 818 1989 Μ
909 1962 973 1990 aut
997 1957 1186 1994 Bentleius,
1207 1962 1248 1989 ut
1268 1961 1313 1994 M,
1334 1962 1370 1990 et
1389 1962 1438 1990 GL
1457 1957 1532 1989 cod.
1549 1957 1714 1990 Venetus.

170 2005 178 2020 ‘
193 2010 234 2039 ut
253 2011 316 2039 aut
335 2009 498 2040 uincatur
517 2012 580 2040 aut
599 2010 718 2040 uincat
734 2021 742 2040 ι
772 2008 858 2040 nihil
877 2012 930 2040 est
949 2008 1102 2040 medium
1118 2009 1125 2021 ’
1157 2009 1336 2040 Bentleius
1426 2013 1507 2041 illos
1524 2009 1717 2047 Bentleius‚

168 2062 266 2091 ullus
291 2063 360 2096 LM,
387 2064 471 2092 ullis
498 2060 572 2092 GL2.
620 2060 708 2098 illos,
736 2064 858 2102 partus
885 2060 1012 2092 Arietis
1039 2071 1071 2092 u.
1101 2062 1164 2092 507
1192 2060 1414 2102 significatos.
1462 2060 1585 2093 eodem
1611 2061 1720 2094 modo·

165 2111 310 2152 ponitur
329 2111 385 2143 ille
403 2120 426 2143 v
445 2112 522 2149 256,
538 2111 596 2142 illo
616 2113 680 2144 318
701 2112 775 2153 (ubi
794 2122 875 2154 pars
894 2112 1061 2143 librorum
1081 2111 1175 2151 ullo),
1196 2112 1252 2143 ille
1271 2112 1336 2144 332
1426 2115 1538 2144 isdem
1559 2117 1605 2150 M,
1622 2116 1717 2145 idem

165 2166 215 2194 GL
305 2163 366 2194 511
390 2166 569 2196 delectant
591 2163 674 2200 L2M,
698 2167 891 2196 delicidant
912 2167 946 2201 L,
964 2167 1135 2196 deludant
1155 2167 1180 2195 G
1201 2166 1237 2194 et
1259 2173 1301 2194 ex
1325 2163 1435 2195 altera
1456 2165 1668 2196 correctione
1689 2169 1714 2197 L

256 2224 360 2246 curas
387 2219 432 2251 M,
451 2225 571 2247 curam
598 2219 647 2247 GL
674 2215 749 2246 cod.
770 2215 934 2252 Venetus,
963 2215 1018 2246 hic
1050 2216 1158 2246 etiam
1191 2218 1379 2254 placidam,
1407 2215 1500 2247 unde
1534 2216 1716 2248 Bentleius

162 2264 336 2305 placidam
353 2290 360 2297 .
380 2290 387 2297 .
407 2290 414 2297 .
434 2266 552 2298 uitam.
601 2266 686 2297 mihi
712 2266 867 2306 placidas
894 2276 993 2297 curas
1021 2267 1106 2298 satis
1135 2265 1319 2297 defendere
1348 2266 1513 2299 uidentur
1540 2267 1638 2299 culic.
1670 2268 1714 2300 89

166 2326 218 2358 sq.
246 2317 301 2348 illi
326 2318 487 2358 (pastori)
521 2318 629 2350 dulci-s
655 2318 747 2349 adest
774 2318 902 2358 requies
929 2321 956 2348 et
984 2327 1074 2357 pura
1103 2317 1272 2357 uoluptas,
1295 2315 1300 2360 Ι
1320 2317 1434 2356 libera,
1464 2318 1716 2358 simplicibus

164 2368 272 2400 curis
300 2372 337 2400 et
361 2368 418 2400 Sil.
444 2377 493 2400 xv
518 2370 582 2401 703
607 2379 657 2410 sq.
685 2369 765 2400 otia
789 2369 896 2400 molli
918 2367 921 2411 Ι
942 2379 1092 2400 exercens
1123 2378 1215 2399 cura
1239 2368 1351 2409 (diues
1380 2370 1500 2400 ouium
1533 2369 1714 2409 Rutilus):

166 2419 369 2460 implacidas
391 2420 483 2451 Ditis
506 2429 604 2451 cura-s
624 2423 876 2452 commemorat
893 2419 1104 2451 Claudianus
1122 2422 1211 2460 rapt.
1232 2419 1326 2451 Pros.
1346 2428 1359 2450 1
1379 2421 1441 2451 110
1531 2421 1595 2452 512
1608 2425 1714 2453 urbes

166 2475 203 2509 G,
217 2475 318 2504 orbes
331 2475 399 2509 LM,
414 2472 507 2502 unde
521 2471 558 2503 L²
571 2475 722 2510 ignotos.
771 2472 914 2502 transire
933 2481 994 2511 per
1010 2471 1105 2502 urbes
1124 2470 1275 2511 (MZGV,
1290 2471 1381 2502 orbes
1399 2471 1475 2512 PU)
1489 2471 1572 2504 Luc.
1588 2481 1656 2504 VIII
1669 2473 1714 2504 20

257 2523 321 2554 514
337 2526 403 2555 tibi
420 2527 489 2560 LM,
507 2526 575 2555 sibi
592 2527 627 2561 G,
647 2522 742 2564 quod
760 2523 918 2554 Bentleio
937 2523 1081 2563 aliisque
1099 2522 1233 2563 placere
1252 2533 1321 2553 non
1342 2522 1476 2560 debuit,
1494 2533 1607 2565 neque
1619 2525 1711 2556 em'm

166 2574 278 2606 Arieti
302 2575 369 2616 ipsi
393 2578 540 2606 naturae
566 2585 648 2606 suae
675 2578 763 2606 teste
789 2585 876 2615 opus
901 2578 988 2611 erat,
1014 2573 1075 2605 sed
1099 2574 1231 2611 lectori,
1253 2574 1430 2615 quomodo
1455 2575 1546 2606 testis
1570 2575 1716 2616 ponitur

166 2626 274 2657 etiam
297 2635 311 2658 1
333 2627 395 2658 221
420 2629 456 2657 et
479 2635 517 2657 Ν
539 2627 604 2658 373
695 2626 756 2656 515
783 2630 916 2657 findens
940 2629 976 2658 G.
997 2629 1147 2657 fundens
1170 2629 1203 2662 L,
1227 2629 1368 2657 sindens
1391 2630 1448 2663 M;
1483 2626 1710 2658 Manilianum

167 2678 278 2719 magis
295 2681 466 2715 scindens,
480 2680 520 2709 ut
538 2687 559 2708 v
576 2678 642 2709 420
658 2677 813 2708 scindens
828 2677 979 2717 pelaqus,
994 2678 1056 2708 581
1076 2687 1126 2717 sq.
1146 2677 1256 2708 undas
1278 2675 1282 2719 Ι
1302 2677 1485 2709 scindentis
1573 2678 1712 2708 amauit

166 2729 299 2770 primus
319 2729 449 2770 recepit
470 2729 670 2769 Pingraeus,
691 2738 771 2759 cum
793 2728 971 2760 Bentleius
991 2728 1152 2765 tranauit,
1174 2729 1365 2769 superiores
1385 2728 1526 2760 sublata
1545 2728 1716 2759 orationis

166 2782 344 2811 structura
363 2783 481 2811 aurato
500 2780 726 2821 scripsissent.
776 2779 922 2811 uerbum
942 2790 984 2810 ex
1004 2782 1144 2810 auratus
1163 2779 1337 2811 adiectiuo
1356 2782 1462 2820 poeta
1480 2779 1552 2820 ipse
1572 2778 1712 2811 finxisse

166 2833 296 2873 potest,
310 2840 423 2872 neque
436 2831 528 2862 enim
542 2841 584 2861 ex
599 2831 673 2862 aliis
687 2830 913 2872 scriptoribus
926 2830 1085 2872 exempla
1099 2829 1208 2861 relata
1221 2833 1315 2867 sunt,
1330 2831 1395 2861 nisi
1408 2829 1502 2871 quod
1516 2829 1717 2862 Priscianus.
