1872 3183
616 149 1099 194 ASTRONOMICON
1131 149 1196 191 IV
1624 151 1679 190 39

308 273 334 300 a
352 273 526 301 numero
545 272 698 300 nomen
717 258 903 314 positum
923 263 999 308 est,
1021 258 1136 313 quod
1154 258 1348 313 partibus
1368 261 1483 299 astra

185 339 253 372 300
308 333 479 375 condita
498 333 666 374 tricenis
685 332 839 388 triplici
858 332 937 374 sub
957 337 1068 374 sorte
1087 332 1281 373 feruntur

310 412 353 449 et
371 407 566 449 tribuunt
585 406 714 448 denas
733 407 777 448 in
796 421 839 448 se
858 407 1107 449 coeuntibus
1127 406 1251 448 astris

309 481 436 536 inque
454 481 590 522 uicem
610 481 739 522 ternis
757 480 1007 522 habitantur
1027 480 1163 521 sidera
1182 479 1323 535 signis.

310 555 367 597 sic
388 555 484 596 altis
503 559 657 596 natura
677 560 822 597 manet
840 560 1069 610 consaepta
1089 554 1272 596 tenebris

311 634 354 670 et
373 643 520 671 uerum
539 628 583 670 in
601 643 726 671 caeco
746 633 810 671 est
829 628 1048 684 multaque
1067 628 1289 683 ambagine
1309 642 1448 669 rerum
1467 641 1476 677 ;

187 709 255 742 305
310 717 385 745 nec
405 703 544 745 breuis
564 708 627 745 est
646 718 746 745 usus
765 717 840 744 nec
861 707 979 744 amat
998 702 1233 758 conpendia
1252 701 1429 752 caelum,

311 791 458 819 uerum
478 777 569 818 aliis
589 777 671 819 alia
691 777 886 832 opposita
906 781 970 818 est
990 782 1033 818 et
1052 776 1161 818 fallit
1179 776 1319 832 imago

313 851 602 906 mentiturque
621 866 718 893 suas
737 851 846 893 uires
866 856 909 893 et
928 865 1103 892 munera
1122 850 1244 893 celat.

312 939 420 980 quae
439 925 520 967 tibi
539 940 624 967 non
644 926 786 976 oculis,
808 925 896 966 alta
917 925 990 966 sed
1010 929 1152 966 mente
1171 924 1358 980 fuganda
1378 928 1443 965 est

311 1000 457 1055 caligo,
478 999 731 1055 penitusque
751 1000 867 1050 deus,
887 1014 973 1041 non
992 999 1144 1049 fronte,
1165 998 1393 1040 notandus.

189 1081 256 1113 310
366 1088 478 1116 nunc
499 1089 607 1129 quae
627 1074 712 1115 sint
731 1058 957 1116 coniuncta
977 1073 1130 1129 quibus
1151 1087 1290 1128 quoue
1309 1072 1454 1114 ordine
1473 1071 1662 1122 reddam,

313 1162 366 1190 ne
384 1148 550 1190 lateant
569 1148 675 1190 aliae
694 1148 803 1190 uires
823 1148 958 1190 aliena
978 1162 1052 1203 per
1071 1153 1200 1190 astra.

315 1236 500 1278 namque
519 1223 638 1264 Aries
657 1223 838 1278 primam
857 1227 1024 1277 partem
1044 1222 1123 1263 sibi
1142 1222 1334 1264 uindicat
1352 1221 1446 1276 ipsi,

316 1297 450 1338 altera
468 1311 557 1338 sors
577 1297 728 1347 Tauro,
751 1296 937 1339 Geminis
956 1311 1053 1352 pars
1073 1296 1201 1338 tertia
1220 1295 1346 1338 cedit.

148 1431 237 1455 ,ματα
255 1420 446 1459 ὡροσκὸπου.
493 1417 643 1449 formam
663 1417 824 1449 uocabuli
848 1428 868 1449 a
896 1419 970 1449 δέκα
997 1417 1094 1449 ducti
1117 1416 1295 1458 analogiae
1317 1425 1508 1457 repugnare
1526 1417 1695 1457 apparet3

150 1469 359 1511 productam
398 1470 720 1511 antepaenultimae
761 1469 917 1501 uocalem
951 1472 1090 1511 praeter
1138 1471 1318 1500 auctorem
1358 1478 1483 1509 parum
1527 1467 1695 1499 idoneum

150 1521 340 1562 Corippum
358 1521 446 1552 Iust.
467 1530 511 1552 111
531 1522 594 1553 160
613 1520 822 1552 confirmant
840 1520 978 1562 linguae
997 1520 1210 1551 Romanicae
1301 1519 1364 1550 299
1381 1529 1403 1551 a
1426 1522 1462 1555 G,
1478 1528 1525 1551 an
1548 1522 1606 1551 LM

195 1582 322 1605 nomen
341 1576 377 1609 G,
397 1581 526 1604 numen
545 1576 579 1609 L,
600 1582 740 1604 numem
760 1576 793 1603 Μ
884 1573 1036 1605 299-301
1065 1571 1278 1612 singulorum
1307 1573 1492 1608 astrorum,
1513 1580 1603 1611 quae
1621 1577 1697 1601 xxx

151 1623 316 1665 gradibus
344 1626 517 1661 constent,
548 1623 693 1655 trientes
721 1622 886 1664 gradibus
913 1631 937 1654 x
967 1625 1168 1654 constantes
1200 1622 1428 1653 inueniuntur
1517 1621 1579 1652 301
1610 1620 1695 1652 ordo

149 1678 205 1707 est
227 1674 377 1707 tribuunt
393 1675 494 1706 astris
516 1675 554 1706 in
570 1685 604 1706 se
627 1675 676 1715 (in
700 1677 795 1706 astra
816 1675 1008 1716 tripertita)
1025 1673 1217 1706 coeuntibus
1307 1673 1371 1703 302
1392 1673 1512 1705 sidera.
1560 1672 1698 1712 sinqula

152 1726 341 1764 Bentleius,
369 1725 474 1763 facili,
504 1729 544 1757 ut
573 1725 617 1757 ad
646 1735 659 1757 1
687 1727 752 1757 476
790 1725 938 1763 ostendi,
968 1725 1163 1756 mutatione
1197 1725 1258 1756 sed
1297 1724 1438 1755 minime
1474 1724 1691 1761 necessaria;

151 1778 283 1818 optime
306 1778 399 1808 enim
421 1777 480 1808 illa
502 1781 594 1808 astra
609 1801 617 1808 .
636 1801 643 1808 .
663 1801 670 1808 .
690 1777 790 1808 astris
813 1778 965 1808 299-201
992 1777 1174 1807 uariantur
1196 1775 1249 1807 his
1272 1776 1383 1807 sidera
1404 1774 1512 1815 &iqui-3
1603 1773 1696 1806 habi-

150 1832 266 1860 tantur
291 1829 410 1869 siquis,
438 1838 461 1860 v
488 1829 554 1861 285
581 1838 631 1869 sq.
661 1828 829 1860 habitatur
850 1828 946 1868 spica
962 1852 969 1859 .
989 1852 996 1859 .
1016 1852 1023 1859 .
1037 1827 1195 1869 fruyibus
1286 1827 1348 1858 303
1375 1830 1567 1865 consaepta
1593 1825 1695 1858 codd.

153 1880 242 1911 Flor.
266 1883 303 1913 et
324 1880 438 1918 Bodl.‚
460 1885 647 1919 conspecta
668 1884 752 1912 GLM
781 1879 853 1911 eod.
880 1879 1034 1911 Venetus
1125 1879 1189 1910 304
1210 1887 1312 1911 caeco
1333 1882 1366 1910 M
1388 1878 1479 1910 sicut
1500 1878 1695 1910 coniecerat

154 1931 315 1973 Scaliger,
336 1941 443 1964 caeno
468 1935 516 1964 GL
537 1931 611 1963 cod.
634 1931 788 1963 Venetus
879 1930 1016 1971 ambago
1036 1940 1098 1972 pro
1118 1940 1159 1961 eo
1179 1929 1274 1970 quod
1295 1932 1349 1961 est
1368 1928 1520 1970 ambages
1540 1929 1695 1971 positum

154 1992 266 2023 neque
291 1984 373 2013 ante
397 1981 488 2013 hunc
513 1982 645 2013 Manilii
669 1991 808 2013 uersum
832 1984 868 2013 et
891 1984 1014 2022 postea
1037 1984 1164 2021 quarto
1188 1981 1329 2011 demum
1354 1980 1490 2011 saeculo
1514 1980 1694 2021 reperitur.

153 2033 247 2065 idem
265 2036 319 2064 ter
337 2033 561 2073 compayibus,
581 2036 634 2065 ter
652 2033 846 2073 compaqine
871 2032 972 2070 dixit,
991 2042 1165 2073 nusquam
1184 2041 1339 2072 compaqe
1429 2031 1491 2062 305
1510 2040 1569 2062 nec
1587 2030 1699 2062 breuis

156 2087 202 2116 est
226 2093 319 2122 usus,
337 2094 400 2115 nec
426 2084 522 2116 breui
549 2085 763 2126 experientia
791 2094 832 2115 eo
856 2084 1082 2125 peruenitur3
1119 2093 1201 2114 nam
1228 2083 1328 2114 aliter
1351 2082 1452 2123 longe
1479 2081 1589 2113 breuis
1614 2091 1697 2113 usus

153 2136 283 2167 dicitur
308 2135 408 2167 Ouid.
430 2139 511 2167 met.
533 2144 576 2167 111
601 2136 677 2173 367,
695 2145 719 2166 x
746 2136 821 2173 737,
842 2135 918 2167 Sen.
940 2135 982 2166 de
1008 2134 1085 2166 ben.
1106 2143 1119 2165 1
1141 2136 1181 2166 12
1204 2135 1224 2164 2
1316 2134 1378 2165 306
1404 2134 1524 2174 imago,
1549 2136 1692 2172 εἴδωλον,

153 2187 189 2218 id
209 2190 262 2218 est
281 2188 404 2227 ζῴδιον,
422 2190 463 2218 ut
483 2196 526 2218 111
544 2187 608 2218 497
622 2186 746 2227 forma,
768 2188 832 2218 669
854 2189 890 2217 et
908 2187 972 2217 676
991 2186 1105 2226 fiqura
1194 2185 1275 2216 aliis
1297 2185 1463 2224 opposita,
1481 2184 1597 2226 posita
1614 2187 1696 2216 ante

155 2238 251 2276 alias,
273 2240 313 2269 ut
335 2237 435 2270 Ouid.
458 2240 540 2269 met.
560 2246 615 2269 XII
636 2238 700 2269 386
720 2237 877 2277 opposuit
897 2237 1044 2268 dextram
1060 2261 1068 2268 .
1087 2260 1094 2267 .
1115 2260 1121 2267 .
1135 2235 1266 2277 frontum
1300 2236 1398 2267 uelut
1417 2236 1453 2267 in
1473 2236 1578 2267 Tauri
1598 2236 1696 2278 signo

153 2290 262 2330 ipsius
290 2290 405 2330 imago
433 2289 604 2321 Cancrum
633 2289 784 2320 Leonem
813 2288 988 2330 Virginem
1016 2287 1065 2319 ibi
1093 2287 1295 2319 habitantes
1323 2287 1487 2328 oppositu
1516 2297 1578 2318 suo
1606 2287 1696 2328 tegit

151 2344 191 2372 et
216 2340 332 2373 oculos
357 2343 494 2372 nostros
519 2339 649 2381 decipit
740 2340 800 2371 307
826 2339 1012 2376 munera*,
1039 2342 1181 2371 nomina
1204 2338 1294 2376 libri,
1313 2338 1407 2379 quod
1431 2348 1502 2370 non
1527 2338 1612 2370 satis
1638 2338 1696 2369 de-

155 2391 269 2423 fendit
289 2402 322 2424 u.
346 2392 422 2429 364,
444 2392 590 2423 numina
610 2391 739 2433 Fayus,
758 2391 878 2422 munia
895 2390 1097 2422 Bentleius:
1133 2389 1213 2420 uide
1235 2389 1280 2421 ad
1301 2398 1345 2421 111
1366 2390 1406 2421 71
1429 2392 1466 2421 et
1487 2398 1525 2420 1v
1546 2390 1612 2420 245
1634 2388 1694 2421 ad-

155 2445 289 2473 notata.
338 2451 487 2480 munera,
510 2452 622 2474 mores
642 2445 803 2482 artesque
824 2451 911 2483 quas
931 2440 1155 2473 nascentibus
1176 2440 1323 2472 tribuit:
1358 2449 1402 2471 111
1421 2441 1498 2477 575,
1520 2440 1596 2478 583,
1619 2440 1695 2478 607,

155 2502 193 2524 1v
209 2494 285 2531 251,
302 2494 366 2524 864
381 2503 431 2534 sq.
448 2493 654 2533 amissasque
678 2496 798 2533 neyant
813 2493 930 2530 uires,
946 2502 1004 2523 nec
1027 2501 1183 2523 munera
1206 2494 1300 2522 tanta
1320 2489 1325 2533 Ι
1344 2500 1403 2522 nec
1417 2490 1542 2522 similis
1557 2490 1698 2522 reddunt

155 2554 270 2576 noxas.
319 2544 433 2576 minus
455 2544 571 2586 placet
593 2545 728 2576 nomine
818 2548 934 2576 caelat
957 2547 1016 2580 GL,
1036 2546 1148 2575 caelai
1170 2546 1204 2574 Μ
1294 2542 1356 2573 308
1379 2546 1456 2574 alta
1478 2541 1578 2573 codd.
1603 2541 1694 2574 Flor.

153 2599 192 2627 et
216 2595 328 2632 Bodl.‚
351 2599 424 2627 alia
445 2599 528 2627 GLM
551 2595 625 2627 cod.
650 2595 805 2627 Venetus
895 2595 1041 2626 ablatiui
1067 2604 1149 2631 non,
1172 2594 1232 2635 qui
1255 2593 1342 2635 Fayi
1364 2596 1400 2625 et
1422 2593 1581 2634 Pingraei
1603 2603 1698 2625 error

154 2650 220 2685 est,
248 2647 483 2678 instrumenta
510 2646 707 2688 significant
734 2646 793 2678 sed
822 2647 1088 2688 separationem,
1118 2655 1156 2676 ex
1183 2644 1299 2682 oculis,
1328 2655 1367 2676 em
1394 2647 1509 2682 mente,
1537 2644 1574 2675 id
1602 2643 1697 2685 quod

154 2699 242 2730 satis
262 2697 416 2729 ostendit
436 2697 506 2729 alta
524 2697 705 2738 epitheton
796 2698 856 2728 311
879 2698 943 2729 376
963 2706 1066 2737 glenus
1086 2699 1255 2728 externum
1271 2719 1279 2726 .
1298 2719 1305 2727 .
1325 2719 1333 2727 .
1352 2695 1465 2726 aliena
1481 2705 1543 2735 per
1562 2698 1654 2727 astra

246 2750 308 2781 313
327 2759 397 2781 sors
415 2759 478 2791 pro
496 2752 595 2790 parte
614 2752 655 2780 ut
672 2757 701 2780 11
721 2749 784 2780 186
799 2758 865 2789 par
884 2751 929 2780 est
944 2749 1076 2788 primae
1093 2758 1164 2779 sors
1182 2747 1303 2778 ultima
1317 2747 1420 2786 parti.
1468 2749 1623 2778 ceterum
1641 2746 1698 2779 hic

156 2801 333 2839 trientem,
366 2810 468 2832 uersu
501 2801 566 2832 372
598 2801 833 2832 tricensimam
866 2799 1048 2841 significat,
1082 2799 1177 2840 quali
1208 2798 1446 2830 inconstantia
1477 2798 1584 2830 etiam
1614 2808 1698 2838 par-3

159 2855 355 2895 usurpatur,
370 2851 467 2884 uelut
482 2852 547 2884 320
562 2861 611 2892 sq.
716 2852 807 2883 inter
823 2851 884 2882 313
899 2854 935 2882 et
950 2851 1013 2881 314
1027 2850 1201 2882 habentur
1217 2851 1253 2881 in
1269 2853 1318 2881 GL
1332 2859 1451 2881 uersus
1464 2857 1508 2881 111
1522 2850 1650 2882 400—1v
1665 2850 1699 2888 9,
