1872 3183
147 139 203 178 48
734 136 796 178 M.
829 136 1082 179 MANILII

307 259 466 301 quasue
485 245 622 287 minor
640 245 753 287 iusto
773 245 909 288 uitial.
967 260 1151 302 namque
1171 247 1313 289 omnia
1334 247 1480 290 mixtis

181 327 250 358 415
306 319 466 362 uiribus
486 325 529 362 et
547 319 666 362 uario
685 325 946 375 consurgunt
965 320 1101 362 sidera
1119 326 1258 364 textu.

306 399 371 436 est
390 393 564 449 aequale
583 393 699 436 nihil.
757 399 946 436 terrenos
967 395 1107 450 aspice
1125 400 1288 438 tractus

306 474 349 510 et
368 468 495 510 maris
515 473 558 511 et
576 468 710 524 partis
729 468 935 524 fugientia
955 469 1130 512 fiumina
1148 470 1249 526 ripis
1268 485 1277 513 :

305 543 463 585 crimen
481 543 639 598 ubique
657 542 854 598 frequens
875 548 918 585 et
936 543 1052 585 laudi
1071 545 1199 586 noxia
1218 546 1364 587 iuncta
1385 551 1462 587 est.

305 617 362 659 sic
383 616 535 659 sterilis
554 617 679 659 tellus
698 617 820 659 laetis
839 618 1069 660 interuenit
1088 619 1200 661 aruis

140 755 261 790 tamen,
283 751 362 784 Sall.
384 751 460 792 Iug.
482 751 524 782 55
547 752 562 782 1
585 751 623 782 iu
642 751 784 783 aduorso
804 751 872 782 loco
889 776 896 783 .
917 775 924 782 .
944 776 951 783 .
970 754 1091 790 lamen,
1106 751 1180 784 Liu.
1201 761 1321 784 xxvm
1341 754 1383 785 43
1406 754 1445 785 17
1465 755 1534 785 tam
1552 752 1686 794 infelici

140 828 147 834 .
168 827 175 834 .
195 827 202 835 .
221 806 342 841 lameri,
375 802 480 844 Soph.
513 801 635 833 Trach.
672 803 756 834 1115
789 805 880 835 κλῦθί
907 816 967 841 μου
992 806 1106 835 νοσῶν
1135 806 1240 842 ὅμωσ.
1289 804 1342 836 his
1373 804 1541 846 exemplis
1572 804 1686 836 multa

140 854 221 886 addi
244 856 414 896 possunt:
450 854 543 885 iusto
565 853 666 894 plura
688 863 743 885 me
765 855 974 895 congessisse
996 864 1067 886 non
1088 855 1258 887 iudicabit
1280 856 1340 896 qui
1362 857 1500 887 nouerit
1522 856 1685 897 quotiens

139 909 175 938 et
201 908 336 947 quanto
362 915 465 947 opere
490 905 526 936 in
552 905 616 936 hac
643 906 816 947 particula
842 906 887 937 ab
913 906 1162 947 interpretibus
1188 910 1342 939 erratum
1368 908 1414 939 sit
1440 910 1684 949 quantumque

137 961 313 989 cessatum
334 967 355 988 a
374 956 627 998 lexicographis
718 956 812 998 quod
833 957 910 989 libri
932 957 1075 995 habent,
1097 957 1222 989 steriles
1242 961 1377 999 utroque
1396 962 1518 996 lamen,
1539 958 1686 1000 proinde

138 1009 267 1041 dicitur
289 1009 390 1049 quasi
413 1017 513 1039 umor
536 1011 571 1039 et
595 1008 732 1039 siccitas
756 1011 873 1049 partes
896 1009 967 1040 iam
990 1009 1098 1050 glacie
1121 1010 1261 1050 ignique
1284 1010 1416 1042 steriles
1439 1010 1552 1043 factas
1575 1011 1685 1043 nihilo

138 1062 252 1092 minus
282 1061 423 1101 insuper
453 1062 690 1101 corrumpant,
721 1061 844 1091 ceteris
874 1071 956 1092 uero
986 1063 1134 1102 parcant
1223 1062 1288 1092 414
1320 1072 1454 1101 quasue
1482 1062 1684 1104 Pingraeus,

138 1122 278 1152 quaque
299 1115 394 1149 GLM,
412 1121 570 1150 quasque
588 1111 858 1143 Bonincontrius
948 1115 1063 1144 minor
1079 1115 1173 1145 iusto
1191 1113 1381 1149 Bentleius,
1399 1117 1508 1146 uitiat
1518 1114 1548 1152 *,
1570 1117 1686 1147 minor

138 1167 187 1197 ibi
207 1166 302 1197 touit
322 1167 367 1200 M,
384 1166 578 1195 minoribus
598 1167 632 1199 L,
658 1163 713 1194 cui
736 1166 811 1195 ouit
832 1163 911 1194 add.
935 1163 983 1201 L2,
1005 1167 1120 1196 minor
1140 1167 1307 1205 sequente
1328 1166 1443 1206 spatio
1464 1174 1519 1196 vn
1539 1166 1595 1197 uel
1615 1175 1685 1198 V111

136 1216 334 1248 litterarum
346 1219 381 1252 G,
395 1214 466 1246 iam
477 1223 578 1245 sucus
590 1213 657 1245 obit
669 1214 748 1245 add.
764 1225 856 1246 man.
871 1225 950 1253 rec.,
965 1216 1082 1246 omnia
1095 1218 1176 1247 ante
1189 1225 1332 1257 namque
1344 1226 1411 1247 om.
1426 1216 1501 1248 cod.
1517 1216 1681 1249 Venetus.

138 1267 218 1299 uide
240 1267 305 1298 498
327 1277 377 1307 sq.
402 1266 462 1297 hae
491 1269 602 1305 partes
626 1266 769 1297 sterilem
794 1267 920 1298 ducunt
945 1270 973 1298 el
992 1266 1118 1307 friyore
1140 1270 1168 1298 et
1194 1267 1267 1307 iqui
1288 1266 1292 1310 Ι
1312 1277 1391 1299 aera
1415 1268 1476 1299 uel
1500 1268 1598 1300 sicco
1623 1268 1685 1300 uel

138 1319 234 1360 quod
256 1318 502 1357 superauerit
525 1327 639 1349 umor.
690 1317 935 1349 Bentleianum
953 1318 1041 1349 iusto
1071 1321 1145 1350 tam
1168 1319 1301 1360 egregie
1318 1322 1354 1350 et
1377 1320 1571 1351 sententiae
1603 1330 1683 1351 con-

137 1371 235 1402 uenit
252 1373 288 1401 et
304 1369 471 1401 librorum
488 1368 624 1400 indiciis
641 1368 721 1400 ibito
739 1369 833 1400 ibuso
850 1372 891 1400 ut
907 1369 1088 1401 euidenter
1103 1380 1225 1401 uerum
1242 1371 1288 1401 sit
1304 1383 1311 1402 :
1342 1380 1385 1402 ex
1401 1370 1543 1412 reliquis
1558 1371 1685 1403 litteris

138 1423 189 1453 uit
216 1421 251 1453 id
280 1420 378 1453 effeci
407 1420 501 1462 quod
530 1420 824 1461 simplicissimum
853 1424 889 1452 et
917 1422 1138 1462 aptissimum
1167 1422 1353 1453 uideretur.
1403 1422 1582 1455 Bentleius
1609 1423 1684 1464 ipse

137 1474 222 1514 quis
249 1473 372 1513 larqior
397 1481 493 1503 umor
514 1470 519 1514 Ι
538 1472 673 1512 quisue
697 1472 807 1503 minor
833 1472 920 1503 iusto
952 1473 1093 1510 nocuit,
1127 1473 1182 1504 cui
1208 1474 1426 1505 coniecturae
1459 1484 1684 1515 nequaquam

137 1527 294 1567 praestat
316 1524 463 1556 Breiteri
485 1533 558 1564 qua
579 1523 658 1564 (hoc
680 1523 844 1563 Iacobus)
867 1524 990 1564 largsior
1011 1534 1107 1555 umor
1128 1523 1132 1567 Ι
1152 1535 1280 1565 quaque
1300 1525 1411 1556 minor
1431 1525 1520 1557 iusto
1547 1524 1681 1566 fuerit,

136 1578 172 1608 in
190 1587 260 1617 qua
277 1579 417 1617 tempus
434 1575 531 1606 uerbi
550 1578 623 1606 tam
641 1585 790 1616 prauum
808 1578 861 1607 est
879 1585 984 1616 quam
1003 1579 1137 1607 rectum
1155 1577 1190 1606 in
1217 1576 1376 1608 exusserit
1394 1587 1426 1608 u.
1447 1578 1512 1608 412
1530 1582 1565 1608 et
1583 1586 1682 1616 supe-

136 1628 262 1660 rauerit
296 1638 329 1659 u.
362 1628 437 1659 499.
486 1630 680 1658 ceterorum
714 1629 913 1658 commenta
945 1628 1097 1668 ignorari
1129 1628 1246 1669 patiar
1335 1628 1398 1658 415
1436 1637 1449 1659 1
1483 1629 1549 1660 310
1577 1629 1683 1660 mise-ta

137 1690 176 1711 ex
205 1679 350 1711 diuersis
379 1681 581 1718 cousurqum
620 1677 753 1709 uiribus
782 1681 873 1709 astra
906 1688 1012 1709 zonae
1047 1681 1262 1720 temperatae
1352 1679 1416 1710 416
1445 1679 1508 1711 417
1538 1682 1682 1711 terrenos

136 1735 260 1763 tractus
279 1733 384 1772 poeta
404 1729 560 1761 uersibus
580 1730 645 1761 419
665 1739 729 1770 sq„
750 1730 855 1760 maris
875 1730 936 1761 421
960 1740 1023 1770 sq„
1037 1730 1189 1771 flumina
1208 1731 1273 1762 423
1293 1740 1343 1771 sq.
1364 1730 1554 1772 legentium
1574 1731 1682 1763 oculis

136 1782 311 1824 proponit.
360 1781 420 1822 qui
436 1791 515 1811 cum
532 1781 629 1821 signa
645 1781 747 1812 certis
764 1781 817 1811 sui
832 1780 992 1821 partibus
1008 1781 1138 1812 sterilia
1153 1791 1232 1812 cum
1249 1784 1361 1812 terrae
1377 1782 1482 1813 maris
1497 1781 1682 1814 fluminum

136 1833 339 1866 condicione
358 1842 559 1873 comparare
580 1831 696 1869 uellet,
716 1831 870 1863 locorum
890 1833 932 1869 ei,
953 1842 1023 1863 non
1044 1835 1253 1873 temporum,
1274 1832 1520 1864 memorandae
1539 1832 1684 1865 fuerunt

137 1885 338 1921 uarietates,
356 1893 485 1923 eaeque
502 1883 538 1913 in
557 1885 649 1913 terra
666 1885 702 1913 et
719 1881 921 1914 fluminibus
939 1886 1152 1914 memoratae
1170 1886 1253 1915 sunt
1268 1895 1275 1915 :
1306 1884 1343 1915 in
1360 1884 1448 1915 mari
1465 1894 1486 1915 a
1503 1885 1683 1926 proposito

138 1935 315 1967 aberrauit
339 1934 553 1966 mutationes
578 1937 733 1974 tempore
757 1932 882 1971 factas,
908 1934 1027 1974 quales
1052 1934 1097 1965 ab
1123 1934 1248 1966 Ouidio
1272 1934 1467 1976 descriptae
1491 1938 1574 1967 sunt
1598 1938 1681 1967 met.

135 1995 184 2019 xv
206 1986 351 2023 262-72,
373 1985 564 2022 referendo,
585 1994 734 2026 quarum
755 1985 865 2016 simile
886 1985 1018 2026 aliquid
1038 1986 1074 2016 in
1095 1985 1306 2026 quibusdam
1326 1987 1504 2027 signorum
1523 1987 1685 2028 partibus

137 2049 201 2070 usu
224 2038 342 2070 uenire
365 2037 522 2069 uersibus
539 2036 680 2068 demum
703 2037 858 2068 502-584
882 2037 1103 2078 expositurus
1128 2040 1182 2069 est
1270 2038 1334 2069 417
1363 2041 1478 2076 partis
1501 2042 1583 2071 GLM
1606 2038 1684 2070 cod.

136 2090 301 2127 Venetus,
325 2093 446 2127 partes
468 2087 516 2125 L2,
538 2088 647 2127 pactis
670 2087 858 2125 Breiterus‚
877 2088 972 2129 quod
994 2089 1054 2119 uix
1077 2088 1243 2119 Latinum
1266 2088 1417 2126 uidetur,
1440 2099 1553 2130 neque
1575 2090 1682 2126 enim,

138 2143 166 2174 si
189 2141 275 2173 fines
297 2143 333 2172 et
356 2140 506 2173 termini.
530 2139 697 2170 continuo
720 2139 815 2180 ripae
838 2142 962 2180 pactae
986 2138 1053 2170 dici
1076 2143 1246 2181 possunt;
1282 2140 1391 2179 raptis
1413 2140 1564 2178 Ellisius,
1587 2140 1683 2182 quod

138 2196 324 2234 propterea
345 2191 473 2222 falsum
496 2193 550 2221 est
573 2191 655 2231 quia
678 2191 770 2231 ripas
793 2200 863 2221 non
886 2191 1029 2232 rapiunt
1050 2190 1196 2222 flumina
1218 2191 1284 2222 nisi
1307 2191 1472 2229 uiolenta,
1495 2192 1684 2232 requiritur

138 2247 256 2276 autem
280 2242 374 2284 quod
397 2242 567 2273 uniuersis
589 2242 788 2278 conueniat,
811 2241 909 2273 uerbi
930 2252 1036 2273 causa
1057 2242 1192 2282 carptis.
1241 2242 1301 2273 sed
1323 2243 1683 2275 accommodatissime

139 2295 183 2327 ad
206 2305 326 2326 uersus
348 2294 413 2325 423
435 2303 485 2334 sq.
509 2293 718 2324 scriberetur
739 2293 877 2331 uariis,
900 2293 1094 2324 cuiusmodi
1116 2296 1170 2324 est
1192 2293 1293 2325 Ouid.
1318 2304 1424 2325 amor.
1449 2303 1478 2325 11
1502 2295 1541 2326 17
1564 2295 1604 2327 31
1629 2305 1680 2336 sq.

138 2356 256 2387 neque
283 2346 411 2378 diuersi
436 2345 524 2384 ripa
558 2344 736 2375 labuntur
770 2345 895 2376 eadem
926 2343 930 2387 Ι
954 2343 1104 2385 friqidus
1132 2345 1277 2376 Eurotas
1306 2343 1540 2386 populiferque
1566 2344 1684 2378 Padus

226 2400 404 2436 fugiencia
432 2400 478 2433 Μ,
503 2399 679 2434 fulgentia
708 2399 757 2427 GL
785 2395 860 2427 cod.
889 2396 1052 2427 Venetus.
1098 2395 1279 2436 supientia,
1304 2397 1490 2434 currentia,
1515 2400 1556 2428 ut
1581 2397 1681 2439 Verg.

137 2460 249 2491 georg.
274 2458 312 2480 1v
336 2450 376 2480 19
393 2447 529 2489 fuyiens
552 2457 612 2487 per
632 2447 787 2488 yramiua
808 2448 916 2485 riuus,
940 2447 1023 2479 Hor.
1048 2458 1152 2478 carm.
1176 2456 1204 2478 11
1226 2449 1246 2480 3
1270 2449 1307 2479 11
1332 2458 1382 2489 sq.
1406 2448 1536 2489 obliquo
1558 2448 1684 2484 laborat

144 2501 148 2544 Ι
163 2501 301 2542 lympha
313 2499 420 2541 fuyam
437 2499 601 2539 trepidare
611 2499 697 2537 riuo,
709 2499 745 2530 id
759 2498 852 2539 quod
865 2499 981 2540 Fayus
993 2499 1222 2537 enarratione,
1235 2499 1441 2531 coniecturis
1454 2500 1524 2531 suis
1534 2499 1684 2532 Iacobus

139 2556 176 2584 et
198 2552 389 2584 Bechertus
411 2561 446 2582 se
468 2560 539 2582 non
561 2560 683 2591 capere
706 2550 943 2581 ostenderunt.
993 2550 1108 2582 alueos
1131 2550 1336 2582 excedentia
1360 2554 1397 2582 et
1429 2561 1519 2592 quae
1549 2551 1683 2583 Statius

141 2604 215 2636 silu.
238 2613 261 2635 V
281 2605 301 2635 5
322 2603 364 2634 62
384 2612 433 2643 sq.
456 2601 542 2633 dicit
555 2600 726 2642 fuqienlia
745 2601 840 2641 ripas
852 2601 1004 2642 flumina
1022 2612 1292 2633 commemorare
1311 2612 1382 2633 non
1401 2605 1477 2634 erat
1495 2602 1598 2634 huius
1616 2603 1684 2635 1001

228 2655 291 2685 419
314 2658 422 2686 tellus
435 2653 465 2691 *,
486 2656 593 2685 terris
617 2656 712 2689 GLM,
735 2657 834 2684 terra
856 2652 931 2684 cod.
951 2652 1104 2684 Venetus
1128 2652 1304 2694 (idemque
1327 2654 1432 2693 arui),
1453 2656 1539 2685 terra
1560 2654 1685 2685 ster-ilis

141 2706 313 2738 Iacobus:
351 2705 447 2737 lellus
470 2715 533 2746 pro
557 2707 660 2735 terras
683 2704 821 2735 restitui
845 2713 873 2735 Π
897 2705 971 2736 953.
1022 2704 1146 2736 sterilis
1170 2704 1233 2736 soli
1257 2708 1391 2736 tractus
1414 2704 1586 2736 fertilibus
1610 2707 1684 2746 agri

140 2757 299 2799 partibus
328 2756 527 2788 interuenit.
574 2756 660 2787 item
690 2755 859 2796 Vergilius
888 2754 931 2786 de
961 2765 1124 2786 aruorum
1153 2756 1298 2797 ingeniis
1327 2755 1496 2787 disserens
1525 2755 1684 2788 tellurem

141 2818 204 2850 pro
225 2807 297 2839 solo
317 2808 446 2848 posuit,
467 2816 578 2848 georg.
602 2815 615 2837 1
636 2806 745 2838 63—70
762 2809 865 2837 terrae
894 2804 898 2849 Ι
922 2806 1048 2846 pinque
1069 2806 1189 2838 solum
1205 2830 1214 2838 .
1233 2831 1240 2838 .
1259 2832 1266 2838 .
1281 2806 1384 2848 fortes
1404 2807 1573 2838 iuuertant
1592 2809 1684 2840 tauri

141 2882 146 2890 .
169 2883 176 2890 .
196 2883 203 2890 .
223 2862 267 2896 at,
296 2859 327 2890 si
354 2868 422 2889 ‘nou
445 2857 550 2899 suerit
587 2857 702 2889 lellus
724 2856 881 2897 fecunda,
901 2881 907 2888 .
928 2882 934 2888 .
955 2881 962 2888 .
982 2857 1074 2889 tenui
1101 2861 1152 2888 sat
1190 2858 1249 2889 erit
1276 2857 1474 2898 suspendere
1511 2858 1602 2890 sulco
1617 2883 1624 2891 .
1644 2883 1651 2891 .
1672 2884 1680 2891 .
