1872 3183
173 127 228 166 80
762 127 823 169 Μ.
857 127 1111 170 MANILII

332 249 442 291 quae
462 241 581 292 tergo
601 236 828 279 coniuncta
848 242 995 280 manet
1013 238 1260 294 fontemque
1280 238 1510 282 ministrat.

333 309 431 351 inde
451 310 524 352 ubi
544 311 588 352 in
608 316 810 367 angustas
830 317 1055 354 reuocatus
1075 312 1224 354 nauita
1243 312 1387 355 fauces

210 390 278 422 620
333 384 688 440 Hellespontiacis
707 385 862 427 iterum
882 401 925 428 se
945 386 1145 429 fluctibus
1165 387 1300 438 effert,

334 458 520 500 Icarium
539 459 839 515 Aegaeumque
859 466 975 502 secat
993 460 1200 516 laeuaque
1219 461 1395 503 nitentis

335 532 513 575 miratur
532 533 712 589 populos
732 534 857 576 Asiae
876 534 1143 590 totidemque
1163 540 1338 591 tropaea

336 612 442 661 quot
461 607 553 649 loca
573 613 617 650 et
635 608 878 650 innumeras
897 613 1043 664 gentes
1064 609 1334 665 Taurumque
1354 610 1590 651 minantem

173 722 238 754 hoc
254 733 323 754 non
336 722 465 755 diceret
477 723 677 763 Maeotidos,
691 725 719 756 is
733 725 914 767 scrupulus
930 726 1000 757 iam
1018 736 1088 757 non
1107 729 1216 758 restat
1306 728 1368 759 618
1384 731 1518 760 fontem
1527 727 1558 765 ²⁸¹,
1575 730 1720 766 pontem

171 774 262 813 libri,
297 775 377 807 uide
413 777 488 809 269.
538 786 625 818 pons
649 777 748 814 mari,
770 778 825 808 cui
848 780 955 819 ponte
981 777 1068 809 nihil
1091 788 1178 819 opus
1200 781 1265 817 est,
1286 779 1474 810 ministrari
1496 789 1567 810 non
1588 780 1723 820 potest,

173 835 285 867 neque
310 830 373 858 aut
397 826 544 858 Maeotis
569 831 632 859 aut
657 827 815 859 Euxinus
839 832 947 870 ponte
971 829 1163 861 instructus
1187 833 1251 867 est,
1277 840 1348 871 qua
1371 840 1456 862 uoce
1480 830 1576 862 nulla
1599 839 1720 861 earum

174 887 288 909 rerum
306 887 393 918 quas
410 878 465 909 hic
482 878 666 920 significari
683 879 808 911 uolunt
825 880 1048 922 significatur.
1097 881 1194 912 uelut
1211 885 1379 922 angustus
1393 881 1449 913 ille
1466 892 1570 923 quem
1588 881 1724 913 Plinius

173 927 259 960 dicit
274 929 344 961 n.h.
363 938 391 961 11
410 930 472 961 168
489 931 576 961 situs
592 931 665 962 siue
680 930 831 962 isthmus
846 941 929 962 sane
946 941 1052 972 quam
1069 931 1114 963 ab
1131 931 1269 964 Euxino
1285 936 1450 971 remotus,
1467 943 1537 974 quo
1552 932 1720 964 Maeotim

175 979 220 1011 ab
245 979 383 1012 Oceano
407 981 594 1013 discretam
618 992 690 1013 esse
714 992 785 1013 non
808 982 893 1014 nulli
923 982 1114 1024 fingebant,
1133 983 1262 1015 Graece
1286 984 1427 1025 quidem
1451 987 1577 1026 γέφυρα.
1600 985 1722 1016 uocari

173 1032 302 1072 potuit,
333 1031 369 1063 id
399 1043 481 1064 uero
511 1033 635 1064 Latine
665 1043 760 1074 aqqer
790 1035 876 1071 erit3
919 1044 1031 1076 neque
1061 1036 1189 1066 rectius
1218 1036 1336 1077 pontis
1358 1036 1498 1067 nomine
1523 1035 1724 1078 appellatur

175 1083 229 1114 uel
249 1093 290 1114 ea
309 1086 421 1115 terrae
440 1084 570 1126 lingua,
590 1085 626 1116 in
646 1095 716 1126 qua
736 1085 1022 1128 Panticapaeum,
1043 1086 1098 1117 uel
1117 1097 1168 1124 ea,
1189 1087 1225 1118 in
1245 1097 1315 1128 qua
1334 1086 1559 1129 Phanagorea
1578 1087 1722 1120 condita

173 1138 237 1166 est.
285 1145 356 1166 non
370 1135 456 1167 bene
469 1137 611 1177 quidem
627 1140 709 1168 ante
723 1136 892 1169 Iacobum
909 1137 1056 1169 Maeotis
1070 1137 1208 1169 Euxino
1222 1141 1331 1179 ponto
1343 1141 1484 1179 pontum
1497 1138 1722 1171 ministrabat

172 1196 216 1218 ex
231 1186 331 1218 codd.
348 1187 447 1218 Bodl.
464 1191 499 1219 et
513 1187 647 1219 Monac.
662 1200 670 1225 ;
698 1187 758 1219 sed
772 1198 813 1219 ea
826 1188 940 1226 lectio,
956 1192 996 1220 ut
1009 1189 1045 1220 in
1060 1189 1166 1221 uerbo
1181 1190 1308 1220 uitiosa
1321 1192 1386 1228 est,
1400 1190 1451 1222 ita
1464 1200 1572 1232 prope
1586 1190 1723 1222 accedit

176 1238 219 1270 ad
245 1248 364 1270 ueram
389 1240 612 1271 sententiam.
664 1241 683 1279 ἡ
705 1243 763 1278 μὲν
787 1243 850 1282 ’γὰρ
875 1243 1035 1280 Μαιῶτισ,
1064 1242 1114 1272 ait
1138 1241 1354 1279 Aristoteles,
1378 1244 1426 1273 εἰσ
1447 1244 1502 1274 τὸν
1519 1244 1644 1274 Πόντον
1661 1244 1719 1284 ῥεῖ,

175 1293 270 1322 οἶιτοσ
292 1291 319 1322 δ’
342 1293 390 1322 εἰσ
411 1293 465 1323 τὸν
488 1294 634 1332 Αἰγαῖον,
654 1294 795 1323 meteor.
818 1302 850 1333 p.
878 1293 958 1324 354³
987 1294 1026 1324 13
1052 1302 1116 1334 sq„
1138 1293 1219 1324 Her.
1242 1301 1280 1324 1v
1305 1293 1347 1324 86
1367 1294 1388 1324 4
1410 1295 1587 1335 παρέχεται
1612 1295 1646 1325 δὲ
1670 1296 1722 1326 καὶ

175 1344 290 1381 λίμνην
308 1344 323 1375 ὀ
340 1345 470 1375 Πόντοσ
496 1345 681 1376 ἐκδιδοῦσαν
704 1346 742 1376 ἐσ
765 1346 861 1376 αὐτὸν
885 1347 920 1376 οὐ
942 1345 1055 1385 πολλῷ
1080 1358 1140 1385 τεῳ
1161 1347 1291 1377 ἐλάσσω
1317 1347 1445 1385 ἑωυτοῦ,
1472 1348 1492 1385 ἦ
1518 1347 1663 1385 Μαιῆτίσ·
1686 1359 1723 1377 τε

176 1396 325 1426 καλέεται
343 1397 394 1426 καὶ
414 1397 517 1436 μήτηρ
533 1398 589 1427 τοῦ
612 1397 747 1434 Πόντου,
767 1395 868 1427 Dion.
894 1396 957 1427 165
978 1406 1027 1437 sq.
1048 1399 1197 1428 καλέουσι
1217 1399 1251 1428 δὲ
1275 1399 1396 1438 μητέρα
1421 1398 1557 1436 Πόντου,
1579 1395 1583 1440 Ι
1601 1401 1636 1429 ἐκ
1658 1399 1722 1436 τῆσ

174 1448 245 1487 γὰρ·
254 1448 388 1478 Πόντοιο
403 1448 440 1478 τὸ
456 1449 563 1488 μυρίον
580 1449 706 1479 ἕλκεται
725 1449 816 1488 ὕδωρ,
834 1457 923 1488 quae
936 1447 1090 1479 Auienus
1108 1448 1155 1479 sic
1173 1447 1288 1480 reddit
1305 1448 1376 1480 orb.
1397 1450 1477 1480 terr.
1499 1449 1565 1480 246
1582 1458 1632 1490 sq.
1652 1448 1725 1480 sola

172 1507 297 1538 parens
316 1498 435 1535 Ponto,
456 1499 602 1538 genetrix
627 1498 704 1530 haec
729 1499 802 1531 sola
820 1499 949 1540 fluento
973 1503 1029 1537 est,
1051 1498 1055 1543 Ι
1077 1499 1134 1530 hoc
1154 1511 1187 1531 se
1207 1499 1315 1541 fonte
1340 1499 1476 1531 trahunt
1499 1510 1588 1540 uaya
1611 1500 1724 1540 ylauci

174 1559 342 1580 marmora
350 1549 457 1590 ponti.
504 1549 583 1581 fons
597 1553 716 1582 autem
728 1553 802 1581 tam
815 1554 907 1582 recte
920 1551 1006 1582 mari
1021 1551 1209 1582 ministrari
1221 1551 1348 1583 dicitur
1359 1561 1466 1592 quam
1476 1551 1624 1584 subduci
1637 1551 1720 1584 Luc.

175 1609 197 1630 v
213 1601 277 1632 336
291 1610 341 1641 sq.
366 1600 397 1631 si
418 1604 537 1632 cuncta
549 1601 720 1633 minentur
740 1600 745 1644 Ι
759 1601 921 1643 flumina,
935 1612 1017 1642 quos
1030 1602 1168 1634 miscent
1182 1603 1311 1643 pelaqo,
1329 1602 1507 1634 subducere
1521 1602 1632 1644 sontes

221 1652 284 1683 619
295 1652 359 1684 620
372 1657 559 1685 reuocatus
573 1677 580 1684 .
597 1677 605 1684 .
621 1676 629 1684 .
645 1656 775 1685 iterum
787 1663 823 1685 se
835 1653 1024 1691 Bentleius,
1037 1657 1167 1686 iterum
1179 1664 1216 1686 se
1229 1678 1236 1685 .
1253 1678 1260 1685 .
1278 1678 1285 1685 .
1300 1659 1487 1687 reuocatus
1498 1653 1586 1686 libri.
1635 1653 1722 1686 ordo

174 1706 229 1735 est
245 1703 303 1735 ubi
317 1703 396 1736 inde
410 1707 583 1736 reuocatus
599 1704 636 1736 in
652 1707 812 1744 angustas
821 1704 939 1745 fauces
954 1705 1075 1736 nauita
1089 1715 1123 1737 se
1137 1705 1257 1736 iterum
1272 1705 1553 1746 Hellespontiacis
1561 1705 1724 1747 fluctibus

177 1756 278 1797 effert,
297 1758 338 1787 ut
356 1755 553 1787 intellectus
573 1765 678 1787 causa
698 1755 809 1787 oratio
828 1756 865 1787 in
884 1756 979 1787 libris
999 1756 1131 1788 tradita
1150 1756 1242 1788 hunc
1262 1757 1298 1788 in
1318 1756 1462 1788 modum
1480 1757 1623 1798 uirgulis
1642 1766 1723 1788 con-

176 1806 324 1837 cidenda
349 1807 405 1844 sit,
433 1807 511 1839 iride
537 1806 606 1844 ubi,
633 1807 672 1838 in
697 1810 868 1847 anyustas,
895 1807 1016 1839 iterum
1041 1818 1074 1839 se
1099 1808 1230 1846 nauita,
1252 1807 1382 1849 fauces,
1404 1807 1408 1851 Ι
1428 1808 1723 1849 Hellespontiacis,

174 1861 359 1896 reuocatus,
378 1858 541 1899 fluctibus
566 1858 667 1899 effert,
691 1859 746 1890 cui
771 1859 862 1890 inter
887 1858 1083 1900 hyperbata
1108 1859 1308 1898 Maniliana,
1335 1870 1482 1901 quorum
1510 1859 1556 1891 ad
1580 1868 1595 1891 1
1619 1860 1662 1892 58
1687 1864 1724 1891 et

175 1918 219 1941 111
248 1910 286 1941 61
317 1909 477 1951 exempla
503 1909 647 1947 contuli,
675 1910 810 1941 nullum
837 1911 919 1941 noui
947 1914 1010 1942 aut
1037 1911 1146 1942 simile
1174 1914 1237 1942 aut
1263 1910 1464 1942 secundum.
1513 1921 1603 1952 quae
1629 1911 1723 1942 enim

176 1964 302 2003 poetae
331 1970 437 1992 causa
465 1971 538 1992 6336
568 1961 687 2002 potuit
716 1964 790 1992 tam
819 1971 979 2002 peruerse
1009 1965 1299 2003 praepostereque
1328 1962 1436 1994 uerba
1461 1961 1653 1994 collocandi
1682 1965 1724 1994 ut

178 2012 289 2044 cuiuis
306 2012 430 2043 nauita
448 2011 740 2053 Hellespontiacis
756 2011 921 2044 fluctibus
932 2014 1086 2044 reuocari
1104 2023 1208 2054 seque
1225 2014 1352 2045 iterum
1369 2014 1405 2045 in
1423 2016 1589 2056 angustas
1604 2013 1724 2046 fauces

177 2063 297 2095 efferre
323 2063 391 2095 dici
416 2063 624 2096 uideretur?
671 2066 825 2095 ceterum
851 2064 1009 2095 similiter
1033 2073 1061 2096 11
1087 2065 1152 2096 908
1177 2075 1226 2106 sq.
1255 2064 1432 2097 decernunt
1456 2068 1492 2097 et
1516 2064 1724 2106 concipiunt,

178 2124 220 2147 111
239 2116 303 2147 545
321 2125 371 2156 sq.
391 2115 485 2147 uenit
502 2118 538 2147 et
555 2116 654 2147 semel
671 2115 755 2147 mihi
772 2116 980 2147 inuertenda
996 2116 1150 2154 fuerunt,
1169 2127 1209 2148 ac
1227 2117 1356 2158 passim
1373 2117 1481 2148 etiam
1497 2116 1599 2158 plura
1616 2116 1724 2148 uerba

178 2170 213 2198 61
230 2167 339 2208 magis
355 2166 517 2208 perplexe
533 2167 747 2208 transposita
763 2170 856 2205 sunt,
873 2167 971 2199 uelut
988 2167 1088 2200 Ouid.
1107 2171 1188 2199 met.
1205 2177 1255 2199 xv
1271 2169 1313 2199 22
1329 2178 1379 2208 sq.
1397 2167 1569 2209 lapidosas
1584 2167 1725 2200 Aesaris

179 2218 289 2249 undas
308 2221 344 2249 et
360 2218 494 2258 patrias
513 2228 571 2257 aye
590 2217 698 2249 desere
717 2218 808 2250 sedes
826 2218 940 2250 locum
960 2219 1051 2250 inter
1070 2229 1104 2250 se
1124 2221 1318 2257 mutarunt,
1339 2218 1452 2250 Plaut.
1475 2218 1566 2250 Pers.
1587 2220 1648 2251 691
1670 2229 1721 2260 sq.

179 2279 241 2311 pro
265 2269 352 2301 hunc
377 2269 415 2300 in
435 2269 557 2301 collum
574 2270 644 2301 nisi
664 2270 755 2310 piyet
775 2268 780 2313 Ι
801 2270 944 2311 impone.
993 2280 1070 2302 uero
1086 2270 1160 2311 fiat.
1211 2270 1376 2311 numquid
1395 2274 1535 2302 ceterum
1554 2271 1724 2312 scriptum

178 2324 232 2352 est
257 2320 423 2361 numquid
448 2325 588 2352 ceterum
609 2319 613 2364 Ι
635 2321 722 2352 hunc
748 2322 786 2353 in
811 2322 931 2353 collum
957 2322 1028 2353 uisi
1050 2323 1141 2363 piqet
1166 2323 1301 2363 impone
1325 2332 1404 2354 uero
1422 2322 1496 2363 fiat.
1545 2322 1725 2354 Bentleius

181 2373 188 2385 ⁶
203 2373 363 2404 librarius
387 2373 573 2404 memoriae
597 2372 706 2404 fidens
730 2376 766 2404 et
789 2383 908 2405 uersus
932 2373 1073 2405 modulo
1097 2374 1272 2415 utrimque
1295 2376 1390 2406 recto
1414 2373 1580 2415 deceptus
1603 2384 1724 2406 uersus

181 2424 243 2455 hos
260 2424 436 2465 iugulauit
450 2423 458 2437 ’
552 2424 613 2455 621
639 2424 778 2456 nitentis
795 2435 858 2466 pro
876 2425 1038 2466 genetiuo
1056 2425 1167 2456 habeo
1184 2437 1191 2457 ε
1230 2428 1350 2466 λιπαρὰ
1375 2427 1464 2465 χθών
1481 2425 1564 2456 Asia
1580 2428 1635 2457 est

224 2475 287 2506 622
311 2479 459 2514 populos
483 2479 519 2512 G,
543 2479 696 2514 populus
719 2479 778 2507 LM
868 2479 965 2508 asiae
990 2476 1064 2514 GL2,
1089 2480 1166 2509 asia
1189 2481 1225 2509 et
1248 2480 1306 2508 ΒΜ
1393 2476 1538 2517 populos
1560 2476 1724 2518 intellego

180 2526 294 2558 Aeolis
328 2526 432 2558 Ionas
467 2526 592 2564 Doriis,
627 2536 648 2558 a
681 2527 807 2568 quibus
841 2527 1082 2559 discernantur
1114 2528 1310 2560 innumerae
1343 2531 1450 2568 qerztes
1484 2528 1723 2560 barbarorum.

181 2578 267 2609 Plin.
287 2577 357 2609 n.h.
376 2587 414 2609 1v
433 2579 451 2609 7
469 2577 508 2609 in
525 2578 617 2609 omni
634 2581 739 2609 tractu
757 2578 873 2618 (Asiae
891 2579 1046 2618 minoris)
1061 2579 1216 2620 proditur
1231 2583 1295 2611 tres
1311 2582 1441 2611 tantum
1458 2583 1565 2620 yeme-s·
1582 2579 1725 2611 Graecas

178 2630 252 2660 iure
277 2629 356 2667 dici,
385 2629 544 2661 Doricam
571 2629 725 2661 Ionicam
749 2630 932 2668 Aeolicam,
953 2634 1073 2662 ceteras
1098 2630 1311 2662 barbarorum
1335 2641 1403 2663 esse
1491 2631 1555 2663 623
1579 2635 1722 2664 taurum

180 2680 208 2713 I.
231 2680 372 2712 Vossius
394 2680 439 2712 ad
460 2680 584 2712 Catull.
609 2681 650 2712 64
673 2682 746 2718 105,
768 2691 894 2714 aurum
918 2686 963 2719 M,
984 2692 1105 2714 arcum
1125 2686 1185 2714 GL.
1231 2681 1346 2714 strab.
1366 2691 1432 2713 XIV
1451 2692 1484 2723 p.
1508 2682 1572 2713 666
1593 2681 1643 2722 (in
1663 2691 1724 2712 ora.

179 2731 321 2773 Lyciae)
335 2733 420 2773 Ἰερὰ
444 2734 523 2773 ἄκρα
541 2735 593 2764 καὶ
610 2736 641 2763 αἱ
666 2735 846 2765 Χελιδόνιαι
868 2736 957 2774 τρεῖσ
978 2736 1067 2772 νῆσοι
1086 2736 1232 2775 τραχεῖαι
1251 2759 1257 2767 .
1279 2759 1286 2766 .
1309 2759 1315 2766 .
1337 2736 1480 2765 ἐντεῦθεν
1502 2735 1677 2772 νομίζουσιν
1695 2735 1723 2764 οἱ

180 2786 297 2815 πολλοὶ
313 2786 370 2822 τὴν
388 2786 490 2825 ἀρχὴν
505 2786 681 2825 λαμβάνειν
696 2786 751 2816 τὸν
767 2787 887 2825 Ταῦρον
905 2810 911 2816 .
935 2810 941 2817 .
964 2810 970 2817 .
992 2787 1029 2817 τὸ
1046 2786 1072 2817 δ’
1087 2787 1208 2824 ἀληθὲσ
1222 2788 1287 2818 ἀπὸ
1302 2788 1365 2825 τῆσ
1376 2785 1503 2817 Ῥοδίων
1517 2786 1654 2825 περαίασ
1670 2787 1724 2816 ἐπὶ

179 2836 220 2866 τὰ
239 2836 321 2875 πρὸσ
345 2836 492 2866 Πισιδίαν
517 2837 595 2876 μέρη
619 2837 762 2876 συνεχήσ
787 2840 873 2868 ἐστιν
891 2838 910 2875 ἡ
927 2838 1043 2878 ὀρεινὴ,
1067 2839 1211 2868 καλεῖται
1235 2839 1267 2868 δὲ
1289 2839 1340 2868 καῖ
1357 2839 1436 2875 αὕτη
1459 2836 1598 2877 Ταῦροσ,
1618 2834 1724 2867 Dion.
