1872 3183
558 132 1044 175 ASTRONOMICON
1075 133 1142 174 IV
1564 136 1617 176 99

245 242 290 282 in
308 241 515 284 Cancrum
535 246 578 283 et
596 240 720 282 tellus
739 241 923 296 Aegypti
942 242 1053 283 iussa
1072 246 1232 283 natare.

247 316 408 357 Taurus
427 315 557 356 habet
577 315 775 370 Scythiae
795 315 951 356 montis
969 315 1198 370 Asiamque
1217 320 1436 371 potentem

245 394 289 431 et
308 388 452 430 molles
471 389 646 438 Arabas,
667 389 869 430 siluarum
888 389 994 431 ditia
1014 404 1153 445 regna.

124 471 191 502 755
246 463 439 505 Euxinus
458 463 678 517 Scythicos
696 468 853 519 pontus
873 463 1065 505 sinuatus
1084 464 1128 504 in
1146 478 1267 505 arcus

248 537 327 578 sub
348 537 532 580 Geminis
552 542 608 587 te,
629 536 810 587 Phoebe,
831 537 932 579 colit
950 552 959 587 ;
995 552 1071 579 uos
1091 537 1280 588 Thracia,
1302 537 1465 587 fratres,

172 679 236 710 752
260 679 298 710 in
323 679 501 715 Cancrum,
520 677 684 709 aduersus
702 678 823 710 Cancri
845 677 1002 710 ardorem
1025 679 1250 710 solstitialem.
1300 687 1343 711 m
1366 679 1474 711 634-ss
1496 678 1615 710 Nilus—

83 739 145 770 que
176 730 325 761 tumescit
357 730 395 761 in
427 739 521 760 arua.
545 727 550 772 Ι
570 728 622 760 hic
654 739 764 761 rerum
795 732 901 761 status
934 732 990 767 est,
1024 730 1148 762 Cancri
1180 740 1255 762 cum
1292 730 1397 762 sidere
1437 728 1613 771 Phoebus}

84 780 262 812 solstitium
288 780 384 821 facit,
411 780 492 811 Luc.
518 788 543 811 x
574 780 707 812 229—35
732 790 791 811 nec
823 783 923 812 tumet
952 780 1118 818 hibernus,
1145 791 1220 812 cum
1245 781 1337 821 lonqe
1368 781 1434 813 sole
1465 784 1584 812 remoto
1605 779 1610 823 Ι

83 832 201 874 officiis
227 836 313 864 caret
340 832 433 863 unda
465 832 538 863 suis
558 842 569 862 .·
600 831 678 863 dare
709 832 824 863 iussus
856 832 973 872 iniquo
994 830 999 875 Ι
1018 833 1208 872 temperiem
1238 833 1326 864 caelo
1356 833 1476 864 mediis
1509 836 1613 864 aesta-

85 883 173 915 tibus
197 884 262 916 exit
282 882 288 926 Ι
307 883 366 914 sub
390 886 528 915 torrente
551 883 666 923 playa,
692 893 756 914 neu
790 886 892 914 terras
924 883 1065 924 dissipet
1100 884 1191 924 iqnis
1213 882 1218 926 Ι
1237 884 1342 916 Nilus
1374 884 1464 916 adest
1492 884 1616 916 mundo

85 937 260 975 contraque
293 934 432 966 incensa
464 934 588 965 Leonis
609 932 614 976 Ι
633 944 692 965 ora
725 936 826 965 tumet
861 934 1052 974 Cancroque
1086 944 1183 965 suam
1217 937 1353 966 torrente
1385 934 1519 966 Suenen
1539 933 1544 977 Ι
1564 935 1615 965 in-

82 985 235 1026 ploratus
273 985 373 1023 adest,
409 984 495 1016 Plin.
532 984 603 1016 n.h.
640 993 663 1015 v
698 985 739 1016 57
774 985 897 1025 incipit
933 994 1070 1016 crescere
1106 985 1233 1026 (Nilus)
1267 985 1349 1017 luna
1387 995 1486 1023 noua,
1520 995 1616 1026 quae-

85 1045 222 1077 cumque
248 1040 324 1078 post
348 1037 526 1068 solstitium
551 1039 607 1074 est,
638 1036 763 1068 sensim
792 1036 979 1077 modiceque
1003 1036 1171 1068 Cancrum
1195 1037 1261 1068 sole
1289 1039 1488 1074 transeunte,
1514 1036 1618 1068 abun-

85 1088 282 1120 dantissime
320 1090 430 1119 autem
469 1087 623 1118 Leonem.
672 1087 772 1118 aliter
801 1086 930 1118 dicitur
960 1087 1060 1119 Luer.
1092 1096 1130 1119 VI
1166 1089 1230 1119 712
1263 1088 1368 1119 Nilus
1400 1088 1439 1119 in
1465 1091 1618 1119 aestatem

85 1139 208 1177 crescit,
226 1138 291 1170 hoc
307 1142 361 1170 est
378 1139 538 1180 quotiens
555 1140 670 1170 aestas
687 1138 778 1169 redit
793 1150 802 1175 ;
832 1138 934 1180 plane
951 1141 1070 1170 autem
1087 1138 1263 1170 diuersum
1280 1142 1333 1170 est
1350 1139 1431 1170 Luc.
1445 1148 1470 1171 x
1484 1139 1547 1170 287
1565 1149 1615 1180 sq.

85 1190 192 1222 medio
218 1190 389 1230 consurqis
415 1189 455 1220 ab
482 1199 542 1221 axe
563 1187 568 1232 Ι
588 1199 693 1220 ausus
718 1189 757 1220 in
783 1189 949 1221 ardentem
975 1190 1070 1230 ripas
1095 1190 1238 1222 attollere
1260 1190 1427 1222 Cancrum
1453 1190 1495 1221 de
1521 1190 1618 1222 fonte

85 1240 156 1273 Nili
177 1242 214 1272 in
242 1251 365 1272 zonam
387 1240 555 1272 torridam
577 1243 779 1281 erumpente
870 1240 1022 1281 Aeqypti.
1066 1241 1158 1272 Vett.
1180 1241 1254 1272 Val.
1282 1251 1314 1283 p.
1336 1242 1355 1273 6
1384 1242 1424 1273 19
1449 1242 1536 1283 Κριῷ
1555 1266 1562 1273 .
1582 1266 1589 1273 .
1610 1267 1617 1273 .

86 1295 218 1325 ὀπίσθια
243 1295 422 1332 Αἴγυπτοσ.
470 1291 646 1323 Dorotheo
672 1294 812 1323 auctore
838 1301 892 1333 ap.
921 1291 1034 1333 Heph.
1054 1301 1068 1323 1
1090 1293 1105 1323 1
1128 1303 1160 1334 p.
1188 1293 1230 1323 47
1255 1292 1365 1324 Arieti
1388 1292 1544 1324 subiecta
1567 1297 1620 1325 est

86 1345 239 1386 Ἀρραβίη
255 1346 370 1384 ’γείτων
387 1345 508 1384 χθονὸσ
524 1346 712 1383 Αἰγύπτοιο,
730 1342 766 1373 id
786 1345 838 1374 est
873 1344 1008 1384 Ἀραβία
1025 1345 1045 1382 ἡ
1060 1345 1144 1384 πρὸσ·
1160 1346 1336 1384 Αἴγυπτον,
1357 1343 1508 1386 Aegypti
1528 1345 1619 1386 regio

87 1405 176 1436 quae
206 1395 297 1426 inter
326 1394 445 1426 Nilum
475 1396 511 1425 et
539 1394 653 1425 sinum
680 1393 868 1425 Arabicum
897 1394 998 1431 iacet,
1027 1393 1088 1425 sed
1114 1394 1196 1426 ibid.
1224 1404 1257 1436 p.
1284 1395 1327 1426 49
1349 1398 1500 1436 εὐβώλοιο
1522 1399 1619 1428 καλὸν

86 1449 182 1478 πέδον
199 1449 375 1487 Αἰγύπτοιο
398 1445 511 1477 Tauro
601 1445 663 1477 753
687 1444 850 1485 Scythiae.
898 1445 1003 1477 Tauri
1022 1448 1062 1477 τὰ
1084 1449 1167 1487 πρὸσ
1181 1446 1227 1491 τῷ
1239 1446 1384 1487 Ἠνιόχῳ
1400 1449 1483 1486 δεξιὰ
1501 1449 1620 1479 Σκυθία

84 1498 213 1530 Valens
247 1507 302 1539 ap.
337 1496 455 1528 Ludw.
490 1496 630 1527 Maxim.
667 1506 699 1536 p.
738 1497 800 1527 114
836 1497 850 1527 1
878 1499 913 1527 et
945 1499 1034 1529 τινέσ
1067 1507 1121 1538 ap.
1151 1496 1263 1538 Heph.
1288 1499 1341 1529 11
1367 1507 1399 1539 p.
1425 1499 1533 1530 4916

131 1548 261 1580 Asiam.
296 1547 384 1580 Ptol.
400 1550 478 1579 tetr.
494 1557 527 1588 p.
546 1548 584 1578 17
599 1550 710 1587 οἱπερὶ
729 1571 736 1578 .
756 1571 764 1579 .
784 1571 792 1578 .
812 1550 852 1579 τὰ
865 1550 1004 1589 παράλια
1018 1551 1080 1587 τῆο·
1096 1549 1352 1590 ΜικρᾶσἈσίαο·
1370 1573 1377 1580 .
1397 1573 1405 1581 .
1425 1573 1433 1580 .
1452 1549 1497 1590 τῷ
1512 1552 1621 1591 Ταύρῳ

86 1625 93 1632 .
114 1625 121 1632 ,
142 1624 149 1631 .
168 1603 413 1632 συνοικειοῦνται
503 1599 567 1629 754
585 1597 725 1629 Arabas.
774 1597 918 1630 Doroth.
939 1609 992 1641 ap.
1012 1599 1125 1641 Heph.
1144 1608 1159 1631 1
1178 1600 1193 1631 l
1209 1610 1242 1641 p.
1258 1601 1300 1632 49
1315 1603 1384 1641 θηρὶ
1400 1602 1537 1642 (Ταύρῳ)
1556 1625 1563 1632 .
1583 1625 1591 1633 .
1612 1626 1619 1633 .

86 1655 285 1693 ὑπέστρωται
303 1675 310 1682 .
331 1675 339 1682 .
359 1675 366 1682 .
383 1651 548 1692 Ἀρραβίη,
572 1650 665 1681 Vett.
692 1649 764 1681 Val.
793 1660 825 1691 p.
846 1652 865 1682 7
883 1651 925 1682 20
943 1661 992 1692 sq.
1012 1654 1051 1683 τὰ
1077 1654 1225 1692 ἀριστερὰ
1252 1653 1387 1693 Ἀραβία
1410 1655 1460 1685 καὶ
1482 1656 1510 1685 οἱ
1533 1656 1623 1694 πέριξ

85 1706 178 1735 τόποι
268 1702 366 1743 Verg.
386 1711 497 1743 georg.
516 1709 544 1732 Π
564 1701 626 1733 136
644 1700 821 1733 Medorum
839 1701 946 1733 siluae
962 1702 1131 1734 ditissima
1148 1705 1233 1734 terra
1250 1704 1364 1743 (reyna
1380 1703 1417 1735 M
1438 1714 1481 1735 ex
1506 1706 1620 1744 corn),

86 1765 175 1796 quae
208 1753 315 1786 uerba
345 1753 526 1784 Manilium
558 1752 679 1784 eodem
705 1762 774 1793 quo
807 1752 968 1785 Reiskius
1001 1753 1106 1785 modo
1131 1755 1302 1795 accepisse
1328 1758 1476 1796 apparet

128 1806 190 1838 755
202 1808 350 1838 euxinus
366 1803 441 1841 GL2,
458 1807 621 1836 euxinius
636 1807 670 1836 L.
689 1807 850 1836 enxim'us
868 1807 908 1835 ut
926 1804 1064 1836 uidetur
1078 1809 1121 1836 M.
1170 1805 1283 1846 Heph.
1302 1805 1408 1838 Theb.
1426 1815 1440 1837 1
1457 1808 1472 1838 1
1490 1817 1522 1848 p.
1541 1808 1580 1838 51
1604 1809 1618 1839 1

83 1859 140 1890 τοῦ
170 1859 273 1889 νοτίου
305 1858 478 1895 (Διδύμων)
510 1857 572 1888 ὑπὸ
600 1857 654 1887 τὸν
685 1858 824 1895 ’γλουτὸν
852 1858 992 1895 Πόντοσ,
1013 1855 1175 1888 C-C.A.G.
1204 1865 1273 1888 VIII
1304 1857 1340 1888 iii
1364 1868 1397 1899 p.
1426 1859 1487 1889 190
1517 1859 1536 1890 3
1570 1868 1620 1900 sq.

84 1911 296 1941 ὑποτέτακται
313 1907 400 1947 αὐτῷ
417 1907 475 1947 (τῷ
491 1909 602 1946 ζῳδίῳ)
620 1908 745 1938 Πόντου
761 1909 858 1947 μέροσ
874 1910 907 1938 ἐν
923 1910 994 1939 ‘roso'
1013 1910 1139 1947 ὄεξιοΐσ,
1160 1911 1340 1949 ἀριστεροΐσ·
1355 1911 1375 1948 ἡ
1393 1910 1511 1948 Ἰνδική

175 1958 345 2000 Scythicos
362 1958 519 1989 sinuatus
537 1957 576 1989 in
595 1967 701 1988 arcus.
750 1957 824 1988 Val.
842 1957 891 1989 Fl.
914 1967 951 1989 1v
965 1959 1029 1990 727
1049 1969 1099 1999 sq.
1121 1959 1284 1999 (Pontus)
1303 1959 1495 2001 Scythicum
1513 1961 1621 2001 specie

86 2011 243 2042 sinuatus
258 2010 296 2041 in
311 2019 436 2047 arcum,
451 2008 553 2041 Ouid.
567 2011 648 2040 met.
664 2017 729 2040 xiv
745 2010 784 2040 51
802 2019 916 2049 quryes
931 2019 1051 2041 curuos
1066 2010 1225 2041 sinuatus
1237 2010 1276 2042 in
1291 2021 1399 2048 arcus,
1417 2011 1515 2053 Verg.
1533 2012 1618 2044 Aen.

87 2071 130 2094 ΠΙ
154 2062 219 2094 533
241 2064 358 2102 portus
374 2085 382 2091 .
401 2084 409 2091 .
428 2084 436 2091 .
454 2063 614 2091 curuatus
638 2059 676 2091 in
701 2069 827 2097 arcum,
846 2059 906 2092 ubi
931 2060 1069 2093 Seruius
1093 2061 1132 2092 in
1157 2071 1257 2093 arcus
1280 2062 1539 2094 similitudinem
1556 2087 1562 2094 .
1583 2087 1590 2095 .
1610 2088 1618 2094 .

87 2114 136 2145 sic
157 2113 195 2145 de
216 2113 322 2144 Ponto
347 2111 541 2148 Sallustius,
563 2110 652 2142 unde
674 2110 726 2142 hic
754 2110 830 2142 tulit
858 2111 1006 2149 colorem,
1032 2111 1040 2125 ‘
1054 2112 1197 2152 speciem
1212 2113 1306 2155 efficit
1327 2112 1474 2153 Scythici
1501 2115 1617 2146 arcus'

88 2164 187 2206 (frag.
221 2163 301 2195 hist.
337 2171 380 2194 111
413 2163 455 2194 63
482 2161 704 2202 Maurenbr.).
753 2163 1052 2203 comparationem
1086 2163 1191 2204 uulgo
1223 2163 1493 2205 frequentatam,
1524 2165 1621 2198 uelut

87 2216 164 2248 Mel.
185 2224 199 2247 1
220 2215 293 2252 102,
314 2214 400 2245 Plin.
421 2213 491 2245 n.h.
512 2221 550 2244 1v
568 2214 611 2245 76
628 2216 665 2244 et
684 2214 737 2250 86,
758 2213 858 2245 Dion.
880 2214 1004 2255 perieg.
1028 2215 1167 2252 156-62,
1181 2224 1283 2246 anon.
1304 2215 1484 2257 compend.
1505 2226 1617 2258 geogr.

87 2267 144 2299 Gr.
164 2267 245 2298 min.
265 2265 378 2297 Muell.
399 2274 427 2296 11
443 2275 475 2306 p.
495 2265 571 2302 509,
589 2264 703 2296 Amm.
719 2264 823 2296 Marc.
841 2273 922 2296 xxii
939 2265 958 2296 8
979 2266 1018 2297 10
1035 2268 1071 2297 et
1088 2266 1131 2297 20
1147 2268 1184 2297 et
1203 2266 1256 2304 37,
1271 2265 1452 2307 diligenter
1467 2268 1620 2309 explicat

87 2318 213 2351 Strabo
233 2326 262 2349 11
280 2327 313 2360 p.
338 2317 400 2348 125
489 2316 552 2348 756
571 2319 656 2348 colit
675 2315 750 2353 GU,
771 2320 862 2349 colet
881 2320 939 2348 ΒΜ
960 2316 1034 2348 cod.
1054 2316 1219 2354 Venetus,
1241 2320 1281 2349 ut
1301 2318 1364 2350 707
1455 2318 1620 2352 Geminos

87 2369 231 2401 colendo
257 2368 390 2400 Pontus
417 2366 596 2399 Phoebum
623 2366 716 2405 colit,
740 2377 844 2408 quem
870 2366 1095 2399 Geminorum
1123 2368 1270 2400 tutelam
1297 2379 1369 2400 esse
1395 2369 1495 2410 eique
1521 2371 1618 2412 signo

87 2420 262 2452 adiectum
290 2429 419 2451 numen
448 2418 630 2450 didicimus
659 2427 688 2450 11
715 2419 858 2455 433-47‚
888 2418 948 2450 ubi
970 2419 1035 2451 439
1063 2428 1113 2460 sq.
1138 2422 1247 2451 tuetur
1267 2417 1272 2462 Ι
1285 2419 1450 2461 formosos
1467 2420 1619 2454 Phoebus

86 2471 252 2504 Geminos.
300 2470 384 2502 deus
409 2470 630 2511 arquitenens
653 2470 689 2501 in
712 2479 817 2501 causa
840 2479 912 2501 esse
936 2469 1077 2511 fingitur
1099 2480 1160 2502 cur
1183 2474 1345 2503 arcuatae
1368 2471 1500 2504 formae
1523 2483 1618 2505 mare

87 2523 241 2556 Geminis
262 2521 472 2562 adsignetur,
490 2520 786 2562 quemadmodum
807 2520 1007 2562 Capricorni
1029 2524 1120 2553 artes
1141 2532 1162 2553 a
1182 2521 1294 2554 tutela
1314 2532 1377 2554 sua
1398 2523 1504 2555 Vesta
1524 2534 1618 2566 repe-

87 2577 212 2607 tuntur
232 2581 270 2604 1v
292 2573 356 2604 243
377 2582 427 2613 sq.
456 2572 554 2604 Vesta
573 2575 658 2609 tuos,
681 2572 894 2613 Capi-iamne,
910 2571 1005 2613 fouet
1017 2572 1245 2613 penetralibus
1265 2573 1358 2613 iones
1379 2584 1389 2605 .·
1410 2572 1415 2617 Ι
1435 2574 1512 2606 hinc
1533 2579 1619 2608 artes

87 2625 298 2664 studiumque
322 2622 436 2654 trahis.
484 2622 544 2654 sub
569 2623 832 2665 praepositionis
858 2633 959 2655 usum
985 2623 1130 2656 similem
1155 2623 1287 2656 habent
1313 2624 1412 2657 Ouid.
1441 2626 1530 2658 trist.
1558 2636 1572 2659 1
1598 2628 1618 2659 7

90 2679 130 2709 17
154 2686 204 2717 sq.
229 2684 388 2707 cremasse
410 2684 509 2706 suum
526 2673 634 2715 fertur
656 2674 716 2706 sub
739 2674 851 2715 stipite
873 2677 991 2706 natum
1012 2673 1017 2718 Ι
1039 2674 1194 2707 Thestias
1215 2678 1251 2707 et
1274 2675 1406 2708 Manilii
1430 2676 1496 2708 loci
1517 2677 1577 2710 lib.
1605 2687 1619 2710 1

87 2739 121 2770 p.
145 2728 218 2760 lxxi
240 2725 366 2758 collati.
413 2724 562 2766 Scaliger
584 2725 724 2767 quidem
746 2728 782 2757 et
804 2725 965 2763 Huetius,
983 2726 1109 2768 quibus
1131 2727 1237 2759 ceteri
1259 2728 1418 2759 assentiri
1440 2728 1616 2767 uidentur,

88 2779 236 2811 alterum
260 2777 484 2810 Geminorum
509 2776 688 2808 Phoebum
712 2777 996 2818 interpretantur,
1022 2787 1108 2819 quos
1133 2777 1242 2810 Varro
1266 2788 1322 2810 r.r.
1348 2787 1378 2810 11
1404 2779 1419 2810 1
1446 2780 1466 2811 7
1492 2779 1618 2822 aliique

95 2842 116 2863 a
131 2829 262 2862 Thielio
279 2827 387 2860 antik.
407 2827 658 2860 Himmelsbild.
677 2838 709 2870 p.
729 2828 781 2866 68,
796 2827 824 2860 Ι.
840 2828 999 2860 Moellero
1016 2828 1107 2861 stud.
1125 2828 1216 2861 Man.
1234 2839 1267 2871 p.
1289 2830 1340 2868 18,
1357 2829 1467 2862 Bolh'o
1484 2831 1618 2873 sphaer.
