1872 3183
143 141 198 180 42
734 140 795 182 M.
829 140 1083 183 MANILII

305 264 413 305 quae
433 250 626 292 fastidito
645 265 841 293 concessa
861 256 926 293 est
945 253 1032 293 iure
1051 251 1192 307 potiri.

303 324 376 366 sed
396 325 524 366 Libra
543 325 737 380 exemplo
755 326 926 381 gaudet,
947 325 1189 382 pariterque
1208 331 1423 382 regentem

303 404 448 441 noctes
468 404 598 454 atque
618 399 706 441 dies
727 400 893 441 diuerso
913 400 957 441 in
976 405 1167 455 tempore
1186 415 1328 442 secum

179 478 245 512 340
302 473 555 528 Lanigerum
575 474 764 529 sequitur
783 489 792 516 :
827 474 937 516 ueris
957 474 1053 529 iuga
1072 479 1283 530 temperat
1301 475 1384 525 ille,

303 547 406 589 haec
427 548 688 590 autumnalis
707 549 911 604 conponit
929 549 1093 590 lucibus
1112 549 1284 591 umbras
1304 565 1312 592 :

302 621 406 663 nulli
425 623 620 664 concedit
639 623 835 678 primam,
856 623 1075 679 traditque
1094 624 1287 679 sequenti

303 696 487 738 uicinam
507 702 675 752 partem
694 712 703 748 3
739 698 939 740 Centauri
959 698 1087 739 tertia
1106 713 1272 740 summa
1292 703 1368 741 est.

304 770 497 826 Scorpios
517 772 561 812 in
579 772 717 827 prima
737 772 1039 828 Capricornum
1058 778 1179 828 parte
1198 773 1369 823 locauit,

179 851 246 883 345
302 845 475 887 alterius
496 846 716 887 dominum
736 846 839 888 fecit
857 847 925 888 cui
944 861 1099 888 nomen
1118 847 1173 889 ab
1192 848 1330 898 undis,

303 924 515 962 extremas
535 921 672 963 uoluit
690 926 833 976 partes
853 922 932 963 sub
952 922 1143 963 Piscibus
1163 937 1263 964 esse.

302 999 349 1035 at
369 994 442 1049 qui
460 1000 663 1037 contento
684 996 906 1038 minitatur
926 996 1087 1052 spicula
1106 1010 1236 1038 neruo

302 1069 507 1124 Lanigero
526 1070 684 1125 primas
704 1071 838 1112 tradit
857 1071 936 1112 sub
956 1072 1044 1113 iure
1063 1071 1219 1127 trigoni

137 1208 191 1240 ed.
204 1209 296 1247 Ald.,
308 1219 427 1243 nemee
438 1210 613 1249 libri‚uide
625 1211 668 1242 ad
681 1220 724 1243 111
735 1213 797 1243 571
891 1222 972 1250 una,
985 1212 1066 1244 sola.
1109 1213 1180 1244 ima
1190 1212 1272 1245 Vrb.
1286 1213 1351 1245 668
1361 1216 1397 1245 et
1408 1213 1511 1245 multi
1521 1212 1684 1250 editores,

139 1261 199 1292 uix
216 1265 309 1293 recte
326 1272 389 1303 pro
407 1262 529 1293 ultima
546 1263 618 1294 siue
635 1273 769 1294 sunwna
859 1264 920 1295 337
940 1264 1044 1305 Virgo
1061 1265 1137 1306 ipsa
1153 1274 1231 1296 eam
1248 1264 1358 1296 solam
1375 1267 1512 1307 partem
1529 1264 1686 1306 possidet

139 1322 240 1352 quae,
260 1313 334 1344 iure
354 1314 427 1345 eius
448 1324 487 1345 ac
507 1315 663 1346 dominio
684 1315 728 1346 ab
750 1315 825 1346 aliis
844 1314 1016 1353 fastidito,
1034 1326 1197 1347 concessa
1212 1319 1266 1348 est
1283 1315 1328 1347 ad
1345 1316 1576 1358 potiendum;
1601 1326 1686 1357 quae

137 1364 230 1395 em'm
245 1368 339 1396 recte
355 1365 395 1397 A.
414 1365 596 1397 Cramerus
612 1365 655 1397 de
670 1366 765 1398 infin.
785 1366 879 1408 apud
895 1366 987 1399 Man.
1006 1377 1039 1409 p.
1061 1368 1101 1400 16
1117 1367 1163 1399 ad
1176 1378 1259 1408 pars
1274 1368 1423 1400 rettulit.
1469 1367 1685 1400 infinitiuum

137 1416 168 1447 ei
192 1416 286 1456 quod
309 1419 363 1448 est
379 1427 533 1449 concessa
554 1418 625 1449 iam
649 1418 819 1460 Vergilius
836 1418 1046 1451 adiunxerat
1068 1419 1152 1451 Aen.
1172 1428 1215 1451 111
1238 1420 1304 1452 700
1326 1430 1376 1461 sq.
1397 1419 1483 1461 fatis
1499 1428 1684 1460 numquam

138 1476 292 1499 concessa
325 1469 453 1500 moueri
474 1467 478 1512 Ι
498 1473 639 1508 apparet
673 1469 753 1501 Cam
761 1470 854 1501 arina
885 1471 1015 1510 procul,
1050 1471 1110 1502 sed
1144 1472 1323 1513 passiuum
1339 1483 1347 1509 ;
1394 1481 1548 1503 concessa
1579 1471 1685 1511 potiri

138 1519 190 1551 ita
208 1519 335 1551 dicitur
352 1523 393 1552 ut
410 1521 494 1552 Hor.
515 1531 619 1552 carm.
640 1530 653 1552 Ι
670 1523 712 1553 26
733 1523 794 1554 1-3
813 1525 918 1553 metus
938 1521 943 1565 Ι
963 1523 1093 1554 tradam
1109 1547 1116 1554 .
1136 1547 1144 1554 .
1163 1547 1170 1554 .
1188 1526 1320 1562 portare
1337 1523 1458 1561 uentis,
1476 1523 1566 1564 Verg
1595 1522 1682 1555 Aen.

139 1578 161 1601 v
180 1571 290 1603 260-2
313 1572 451 1603 loricam
467 1596 474 1604 .
495 1596 502 1604 ,
522 1598 527 1603 .
549 1573 651 1604 donat
673 1573 788 1604 habere
810 1574 885 1604 uiro
902 1577 938 1605 et
961 1574 1033 1605 sine
1056 1574 1178 1605 datiuo
1196 1575 1261 1606 306
1284 1585 1334 1616 sq.
1355 1574 1482 1606 Cnosia
1503 1573 1585 1606 bina
1601 1574 1685 1606 dabo

139 1622 246 1654 leuato
265 1623 378 1655 lucida
391 1623 481 1664 ferro
503 1622 507 1666 Ι
526 1624 660 1663 spicula
677 1624 900 1665 caelatamque
918 1628 1051 1665 arqento
1063 1625 1151 1666 ferre
1169 1625 1357 1665 bipennem,
1376 1625 1412 1657 id
1430 1629 1484 1657 est
1496 1625 1682 1666 ferendam.

139 1677 262 1705 contra
279 1674 429 1716 Scaliger
446 1685 528 1715 quac.
545 1675 590 1706 ad
608 1676 784 1717 Virginem
801 1677 911 1707 relato
929 1676 1110 1708 Manilium
1127 1687 1190 1718 pro
1207 1678 1270 1708 cui
1289 1677 1444 1718 fastidito
1466 1686 1683 1709 concessum

139 1729 185 1756 cst
213 1726 286 1757 iure
312 1726 418 1766 potiri
446 1730 482 1758 et
511 1728 665 1767 potuisse
694 1738 821 1768 ponere
850 1738 933 1768 quae
951 1752 957 1758 .
977 1752 984 1759 .
1004 1752 1011 1759 .
1030 1738 1183 1759 concessa
1211 1732 1247 1759 et
1276 1729 1425 1760 uoluisse
1453 1729 1683 1766 existimauit,

141 1786 245 1817 quem
271 1777 307 1808 in
333 1777 477 1809 modum
503 1778 709 1811 Ammianus
735 1789 817 1810 sane
843 1779 981 1811 locutus
1006 1783 1059 1811 est
1083 1788 1148 1811 XIV
1174 1780 1193 1810 2
1222 1780 1240 1811 6
1267 1780 1380 1811 nullas
1405 1780 1493 1811 acies
1518 1779 1685 1820 explicare

138 1828 299 1867 permissi
324 1832 360 1860 et
386 1829 545 1870 pluribus
572 1829 654 1861 locis
746 1831 897 1861 338-343
926 1830 1030 1862 Libra
1057 1830 1185 1862 Arietis
1211 1831 1410 1873 exemplum
1437 1834 1558 1863 secuta
1584 1831 1686 1863 alteri

140 1880 361 1920 aequinoctio
390 1880 620 1921 praesidentis
649 1882 800 1922 primum
830 1881 1001 1913 decanum
1030 1882 1106 1923 ipsa
1134 1883 1273 1920 retinet,
1303 1882 1494 1914 secundm
1523 1883 1684 1924 proximo

142 1931 250 1972 signo,
274 1932 418 1963 tertium
441 1933 545 1964 tertio
568 1932 728 1964 concedit
819 1934 881 1964 338
905 1937 1063 1972 exemplo
1086 1933 1185 1965 codd.
1206 1933 1295 1965 Flor.
1316 1937 1352 1965 et
1375 1933 1488 1972 Bodl„
1507 1938 1683 1973 extemplo

140 1986 223 2014 GLM
314 1983 377 2014 340
409 1987 504 2016 ueris
547 1984 828 2022 BonincontriuS,
862 1988 980 2017 uerbis
1012 1985 1090 2016 libri
1180 1989 1266 2023 iuga
1307 1985 1417 2023 GL2M,
1450 1989 1530 2018 iura
1561 1990 1595 2023 L,
1627 1990 1684 2019 ius

140 2033 215 2065 cod.
231 2033 396 2066 Venetus.
447 2044 461 2066 1
480 2036 541 2067 611
563 2035 644 2076 ‘bugsa
659 2036 848 2073 Chelarum,
864 2036 923 2067 ubi
942 2036 1021 2068 uide
1036 2036 1207 2068 adnotata
1298 2037 1358 2067 341
1380 2041 1467 2070 haec
1485 2041 1554 2075 LM,
1568 2040 1625 2070 hic
1644 2042 1681 2075 G,

139 2089 205 2117 hac
220 2085 258 2117 L²
347 2089 485 2118 lucibus
503 2086 599 2118 Voss.
622 2088 661 2118 18
678 2091 714 2118 et
731 2088 867 2119 Bentlei
887 2090 913 2125 δ,
928 2091 1065 2120 lucidus
1083 2092 1177 2125 GLM,
1194 2091 1353 2120 lancibus
1370 2088 1683 2130 Regiomontanus,

141 2138 148 2148 ⁴
165 2137 249 2168 satis
266 2137 390 2168 stolide
405 2137 413 2150 ⁷
432 2138 548 2179 inquit
564 2138 725 2179 Scaliger,
744 2139 855 2170 multo
872 2140 945 2180 ipse
962 2149 1002 2170 eo
1019 2140 1176 2170 conuicio
1193 2139 1328 2181 dignior
1343 2152 1351 2177 3
1381 2150 1464 2171 nam
1481 2139 1534 2171 his
1550 2143 1683 2172 autum-

139 2188 229 2219 nalis
248 2189 406 2228 conponit
426 2189 524 2220 horas
542 2189 660 2231 inepte
681 2189 824 2221 additur
845 2190 985 2227 lucibus,
1008 2191 1107 2231 quasi
1128 2190 1183 2221 die
1204 2191 1313 2232 magis
1333 2201 1440 2231 quam
1462 2193 1570 2223 noctu
1590 2201 1684 2223 com-

139 2242 317 2280 ponantur
341 2239 446 2271 horae
472 2243 508 2271 et
532 2244 794 2281 exaequentur:
833 2245 956 2273 contra
981 2242 1160 2282 aptissime
1184 2241 1300 2273 lances
1325 2241 1449 2273 Librae
1473 2252 1684 2274 commemo-

140 2293 274 2329 rantur,
298 2294 339 2322 ut
363 2292 438 2329 775,
463 2292 529 2323 nisi
552 2292 619 2323 alio
643 2291 810 2324 ducerent
833 2303 922 2333 quae
946 2294 1068 2324 statim
1088 2293 1307 2324 subiecturus
1331 2303 1407 2324 sum
1498 2298 1641 2326 umbras
1652 2294 1683 2333 *,

141 2346 247 2374 horas
268 2342 358 2380 libri,
380 2343 471 2374 sicut
493 2343 590 2374 horas
611 2343 686 2375 cod.
712 2343 869 2375 Cusanus
890 2353 933 2376 111
955 2345 1020 2376 450
1042 2344 1102 2375 ubi
1124 2344 1258 2376 umbras
1280 2348 1387 2376 GLM:
1421 2345 1458 2376 in
1479 2345 1578 2377 anth.
1602 2345 1680 2377 Lat.

141 2393 233 2425 Ries.
259 2395 325 2425 465
351 2395 365 2425 1
392 2394 505 2426 scribo
529 2395 599 2426 iam
622 2405 712 2426 nunc
735 2396 886 2427 ardentes
914 2399 1099 2427 autumnus
1117 2395 1260 2436 fregerat
1283 2396 1394 2427 horas
1417 2395 1567 2437 (umbras
1589 2397 1683 2437 cod.)

141 2445 276 2477 collatis
293 2445 375 2477 Luc.
394 2455 407 2477 1
427 2447 466 2477 16
476 2446 702 2487 flaqrantibus
719 2471 726 2478 .
746 2471 753 2478 .
773 2471 780 2478 .
800 2447 890 2478 horis
906 2450 942 2478 et
959 2447 1045 2478 Plin.
1064 2447 1134 2478 n.h.
1151 2456 1242 2478 XXXI
1258 2448 1301 2478 45
1318 2447 1408 2478 horis
1423 2448 1681 2480 ardentissimis.

141 2497 221 2528 uide
239 2497 339 2529 Lucr.
355 2506 378 2529 v
392 2498 455 2528 687
473 2507 523 2538 sq.
539 2497 598 2528 ubi
616 2498 701 2529 anni
723 2496 728 2540 Ι
747 2499 855 2530 nodus
872 2502 1052 2530 nocturnas
1066 2501 1223 2538 exaequat
1241 2498 1390 2530 lucibus
1407 2499 1568 2538 umbras,
1586 2499 1680 2531 Man.

141 2556 153 2579 1
173 2549 237 2580 673
257 2548 376 2580 lucem
393 2548 452 2589 qui
469 2549 615 2580 circulus
633 2552 751 2589 aequat
769 2553 798 2580 et
815 2549 978 2587 umbras,
997 2558 1035 2581 iv
1053 2550 1118 2581 326
1132 2549 1290 2589 (Cancer)
1303 2549 1389 2590 facit
1406 2550 1560 2591 aequales
1577 2551 1680 2582 luces

142 2598 350 2630 brumalibus
375 2599 519 2631 umbris
539 2601 656 2640 (undis
675 2600 779 2640 libri),
801 2601 899 2642 Verg.
922 2612 1034 2642 georg.
1057 2610 1070 2632 Ι
1090 2601 1154 2632 209
1175 2600 1308 2641 (Libra)
1326 2601 1473 2633 medium
1493 2601 1570 2634 luci
1585 2605 1682 2643 atque

144 2650 288 2682 umbris
302 2651 372 2683 iam
390 2651 516 2683 diuidit
543 2651 672 2687 orbem:
702 2651 794 2683 Man.
810 2661 823 2684 1
842 2654 907 2684 578
921 2652 986 2693 (sol
1004 2653 1039 2683 in
1067 2651 1194 2683 circulo
1213 2653 1473 2693 aequinoctiali)
1499 2653 1682 2693 conponit

142 2701 283 2740 paribus
301 2703 451 2734 numeris
469 2705 656 2743 noctemque
674 2703 835 2743 diemque,
855 2712 893 2735 1v
912 2705 976 2735 772
996 2703 1134 2744 (Librae
1156 2705 1305 2743 astrum)
1321 2707 1453 2735 coeunt
1471 2713 1535 2744 quo
1552 2713 1680 2745 noxque

142 2753 274 2793 diesque
365 2753 428 2784 342
463 2757 577 2786 tradit
612 2754 687 2791 GL2‚
723 2758 875 2787 tradidit
910 2759 944 2792 L,
980 2759 1095 2787 trahit
1131 2759 1165 2786 M
1255 2756 1413 2795 sequenti,
1449 2755 1590 2797 Scorpio

188 2804 249 2834 343
265 2804 328 2835 344
341 2808 422 2846 post
436 2805 497 2836 348
512 2805 671 2837 collocati
686 2809 769 2837 sunt
783 2807 818 2837 in
834 2810 928 2843 GLM,
940 2806 1007 2838 huc
1024 2807 1179 2837 reuocati
1195 2806 1231 2837 in
1248 2806 1323 2838 cod.
1336 2806 1426 2838 Flor.
1519 2807 1580 2837 345
1595 2810 1682 2840 fecit

143 2858 199 2887 cui
216 2864 341 2887 nomen
359 2860 404 2894 M,
424 2859 480 2888 cui
498 2866 624 2889 nomen
642 2860 727 2889 fecit
745 2861 795 2889 GL
884 2858 946 2889 347
966 2862 1004 2890 at
1023 2861 1084 2896 qui
1103 2857 1177 2895 GL2,
1197 2862 1305 2896 atque
1323 2861 1357 2896 L,
1376 2862 1484 2896 atque
1501 2860 1539 2890 in
1556 2861 1590 2890 M
