1872 3183
628 131 1113 175 ASTRONOMICON
1145 132 1210 173 IV
1627 133 1681 172 73

311 242 589 298 anguipedem
608 242 744 284 alatos
764 257 928 284 umeros
948 242 1155 298 Typhona
1174 243 1392 292 ferentem,

311 317 569 372 inseruitque
588 331 685 358 suos
705 317 939 372 squamosis
959 317 1148 359 Piscibus
1166 317 1294 372 ignes.

311 405 387 432 nec
406 390 518 432 solus
537 391 665 432 fuerit
683 391 858 446 geminis
877 391 956 433 sub
976 391 1165 433 Piscibus
1185 396 1301 432 ortus
1322 406 1329 432 2

311 464 441 506 frater
460 464 539 506 erit
558 464 744 507 dulcisue
763 479 891 515 soror,
913 470 1103 506 materue
1122 465 1314 507 duorum.

186 546 256 577 585
365 552 475 580 nunc
496 553 571 593 age
591 538 765 580 diuersis
785 539 1049 580 dominantia
1069 538 1204 580 sidera
1224 539 1344 580 terris

311 612 490 667 percipe.
547 612 621 653 sed
639 626 805 654 summa
825 617 889 654 est
908 627 1047 654 rerum
1066 612 1282 654 referenda
1302 612 1446 667 figura.

312 690 516 741 quattuor
534 686 578 727 in
597 691 739 741 partes
757 687 861 728 caeli
881 686 1123 728 discribitur
1142 687 1266 736 orbis,

311 764 555 801 nascentem
574 759 823 815 lapsumque
843 760 954 801 diem
975 761 1218 816 mediosque
1236 760 1393 802 calores

311 838 451 889 teque,
471 833 630 876 Helice.
687 835 868 876 totidem
887 835 1006 876 uenti
1025 834 1077 876 de
1096 834 1288 890 partibus
1308 834 1440 876 isdem

187 915 255 947 590
312 913 540 963 erumpunt
559 922 785 963 secumque
804 913 955 963 gerunt
974 923 1048 963 per
1067 909 1209 950 inania
1230 908 1350 950 bella.

312 996 433 1038 asper
453 983 507 1024 ab
528 997 606 1024 axe
626 983 711 1024 ruit
732 984 900 1033 Boreas,
922 983 1031 1038 fugit
1051 983 1189 1024 Eurus
1209 983 1263 1024 ab
1283 987 1392 1031 ortu,

148 1152 268 1176 casum
295 1143 343 1183 L2,
374 1146 569 1176 babilonias
597 1153 699 1176 casus
726 1147 762 1183 G,
793 1147 970 1176 babilonia
993 1153 1113 1176 casum
1136 1146 1291 1176 mutauit
1307 1144 1393 1184 (non
1418 1142 1581 1184 profugit)
1609 1142 1684 1175 cod.

148 1194 303 1227 Venetus
393 1195 454 1225 581
476 1198 584 1227 alatis
603 1198 759 1228 humeris
779 1205 850 1226 uar.
874 1205 965 1227 man.
990 1196 1005 1227 l
1029 1199 1064 1233 G,
1085 1205 1154 1236 quo
1178 1198 1317 1237 recepto
1342 1195 1492 1236 Scaliger
1506 1194 1684 1236 furentem.

147 1246 325 1288 expectari
354 1247 472 1287 potuit
499 1249 670 1287 yerentem,
700 1246 760 1278 sed
789 1257 860 1278 11011
889 1246 1040 1278 multum
1069 1247 1233 1278 interesse
1263 1246 1454 1278 ostendunt
1483 1250 1688 1288 comparata

148 1296 250 1330 Ouid.
271 1297 352 1329 fast.
372 1306 401 1328 Π
418 1298 484 1329 299
501 1307 639 1337 corpora
656 1298 749 1330 nuda
765 1297 916 1338 yerebant
933 1301 969 1329 et
988 1299 1052 1329 284
1069 1298 1163 1329 nuda
1174 1297 1289 1338 ferant
1304 1298 1416 1337 posita
1432 1307 1570 1337 corpora
1588 1301 1686 1334 ueste,

148 1356 162 1380 1
181 1349 246 1380 412
263 1349 354 1388 pinu
372 1352 520 1388 tempora
538 1359 624 1380 nexa
642 1349 728 1389 yeris
747 1352 783 1380 et
801 1359 844 1380 ex
875 1349 977 1380 Pont.
994 1359 1021 1380 II
1041 1350 1060 1380 2
1081 1350 1101 1380 8
1120 1352 1268 1389 tempora
1282 1348 1431 1380 Phoebea
1449 1349 1582 1389 uirqine
1601 1359 1686 1380 nexa

147 1399 246 1431 tulit:
279 1399 368 1431 adde
386 1399 486 1441 Verg.
507 1399 591 1431 Aen.
616 1409 629 1431 1
654 1401 716 1432 189
738 1401 852 1440 capita
873 1400 943 1431 alta
962 1400 1112 1440 ferenti-s,
1139 1400 1216 1433 Sen.
1244 1400 1320 1432 Tro.
1352 1402 1411 1432 151
1442 1400 1587 1432 subiecta
1604 1399 1687 1441 seret

146 1450 232 1482 colla
247 1451 404 1490 tropaeis,
423 1450 507 1483 Oed.
529 1452 594 1483 614
604 1451 671 1492 sert
688 1455 788 1490 caput
800 1451 896 1492 fastu
913 1461 1024 1491 9raue,
1043 1452 1132 1483 Med.
1154 1453 1219 1484 773
1244 1452 1422 1493 Typhoeus
1441 1451 1586 1483 membra
1604 1462 1688 1492 qaae

144 1502 272 1534 discor-3
290 1502 376 1534 tulit.
424 1501 467 1533 de
487 1502 666 1544 Typhonis
686 1502 799 1534 forma
819 1502 978 1544 Apouod.
1004 1502 1085 1535 bibl.
1108 1512 1122 1534 1
1143 1504 1162 1534 6
1183 1504 1203 1535 3
1223 1505 1264 1534 τὰ.
1286 1506 1318 1534 δὲ
1339 1506 1404 1535 ἀπὸ
1424 1506 1528 1544 μηρῶν
1551 1505 1689 1543 σπείρασ

149 1556 235 1594 εἶχεν
249 1555 479 1595 ὑπερμεγέθεισ
492 1556 636 1594 ἐχιδνῶν,
658 1578 665 1585 .
685 1578 692 1585 .
712 1578 720 1585 .
740 1556 803 1585 πᾶν
821 1556 856 1586 δὲ
876 1557 972 1586 αὑτοῦ
986 1557 1024 1586 τὸ
1039 1557 1132 1592 σῶμα
1153 1556 1385 1595 κατεπτέρωτο,
1405 1554 1487 1586 Ant..
1505 1554 1578 1586 Lib.
1599 1555 1641 1585 28
1670 1554 1684 1585 1

149 1606 351 1645 ἐπεφύκεσαν
378 1606 442 1645 ’γὰρ
467 1604 552 1645 αὐτῷ
579 1608 718 1644 κεφαλαὶ
744 1607 895 1637 πλεῖσται
918 1608 970 1637 καὶ
996 1607 1092 1646 χέρεσ
1119 1607 1169 1637 καὶ
1186 1607 1359 1646 πτέρυγεσ,
1384 1608 1417 1637 ἐκ
1440 1608 1474 1637 δὲ
1498 1608 1560 1637 τῶν
1582 1608 1688 1645 μηρῶν

148 1657 301 1697 μέγισται
324 1657 500 1696 δρακόντων
523 1657 650 1696 σπεῖραι
740 1656 802 1686 583
826 1656 889 1686 584
912 1666 991 1686 011111
1021 1666 1091 1686 11011
1120 1656 1166 1686 ad
1195 1657 1342 1696 primam
1374 1656 1525 1688 Piscium
1552 1660 1688 1698 partem

148 1707 349 1748 pertineant
377 1705 437 1738 sed
466 1706 511 1738 ad
538 1707 675 1748 signum
702 1707 914 1744 uniuersum,
942 1709 1107 1748 poterant
1135 1710 1216 1749 post
1247 1708 1309 1739 291
1342 1707 1534 1738 collocandi
1567 1707 1688 1744 uideri,

147 1758 214 1790 nisi
230 1757 324 1790 idem
340 1757 411 1789 fere
434 1757 568 1789 ualeret
590 1758 626 1789 in
650 1767 769 1789 uersus
790 1759 933 1795 579—82‚
953 1759 1012 1799 qui
1033 1768 1053 1789 a
1073 1757 1308 1799 superioribus
1328 1758 1445 1790 diuelli
1466 1761 1645 1800 nequeunt

237 1809 301 1840 584
342 1809 350 1822 ‘
364 1812 427 1840 aut
466 1808 601 1850 gemelli
636 1812 739 1840 erunt
785 1812 847 1840 aut
891 1809 1114 1851 gemellipara
1129 1810 1136 1822 '
1183 1809 1345 1851 Scaliger,
1388 1809 1492 1851 idque
1540 1809 1691 1841 uoluisse

148 1859 261 1892 dicere
284 1863 390 1902 poeta
411 1859 563 1898 uidetur,
586 1861 653 1892 etsi
675 1871 745 1892 non
768 1860 859 1892 dixit
949 1861 1101 1892 585—743
1124 1862 1154 1892 ei
1179 1861 1385 1903 astrologiae
1408 1862 1501 1902 parti
1524 1871 1613 1902 quae
1637 1865 1690 1892 est

150 1914 222 1952 περὶ
254 1914 415 1950 κλιμάτων
446 1914 510 1943 τῶν
542 1914 755 1950 ἀνακειμένων
788 1914 833 1943 ἑνὶ
864 1913 990 1952 ἑκάστῳ
1017 1914 1115 1952 ζῳδίῳ
1137 1912 1316 1952 (O.C.A.G.
1342 1921 1364 1943 V
1387 1913 1422 1943 iii
1446 1923 1478 1954 p.
1506 1913 1583 1951 131)
1607 1922 1688 1944 mox

148 1962 305 1995 uersibus
326 1963 479 1994 744—817
499 1962 725 2004 exponendae
745 1964 985 2004 praemittitur
1004 1963 1096 1995 orbis
1117 1966 1288 1995 terrarum
1309 1963 1506 2005 descriptio,
1528 1973 1629 2004 quae,
1651 1967 1692 1995 ut

148 2023 229 2046 cum
256 2014 379 2045 ceteris
406 2013 675 2056 chorographiis,
705 2014 864 2056 Dionysii
890 2015 1096 2056 periegetae,
1125 2014 1309 2056 Pomponii
1337 2015 1458 2052 Melae,
1483 2014 1620 2056 Polybii
1649 2023 1692 2046 111

149 2065 249 2102 36-—8‚
270 2064 349 2097 libri
377 2068 448 2105 περὶ
480 2067 598 2104 κόσμου
618 2065 723 2096 Arist.
747 2064 855 2096 Bekk.
879 2075 936 2107 pp.
964 2066 1084 2103 392-4,
1110 2065 1291 2098 Strabonis
1316 2075 1343 2097 11
1364 2076 1421 2107 pp.
1448 2066 1565 2103 121—6,
1588 2065 1691 2097 Plinii

149 2116 220 2148 n.h.
239 2124 356 2153 m—VI,
374 2116 476 2148 Mart.
495 2116 577 2158 Cap.
597 2125 635 2147 VI
651 2117 844 2155 §wo-703,
866 2116 949 2148 Isid.
968 2117 1051 2158 orig.
1069 2125 1139 2148 XIII
1154 2120 1190 2148 et
1206 2125 1281 2154 xrv,
1300 2117 1335 2148 in
1353 2117 1454 2148 rebus
1472 2117 1576 2158 uulgo
1597 2117 1690 2149 notis

148 2167 334 2199 creditisne
350 2167 420 2198 fere
436 2168 621 2205 consentit,
636 2168 687 2199 ita
703 2168 788 2199 nulli
804 2177 923 2199 earum
937 2171 1011 2199 tam
1025 2168 1145 2199 similis
1161 2171 1215 2199 est
1231 2171 1272 2199 ut
1288 2171 1437 2209 utraque
1454 2178 1497 2199 ex
1513 2169 1691 2200 communi

149 2218 267 2260 aliquo
287 2217 385 2250 fonte
405 2217 545 2250 fluxisse
566 2218 728 2250 uideatur
818 2219 881 2249 586
907 2222 1020 2257 figura
1041 2223 1109 2256 LM,
1127 2222 1251 2258 figuris
1271 2222 1297 2251 G
1317 2219 1362 2250 ob
1382 2229 1453 2250 non
1473 2218 1687 2251 intellectum

149 2279 284 2301 summa
311 2269 535 2308 adiectiuum,
565 2269 659 2311 quod
687 2270 735 2301 sic
763 2270 917 2312 positum
945 2273 998 2301 est
1027 2273 1067 2302 ut
1095 2280 1128 2301 u.
1161 2271 1224 2301 122
1314 2270 1466 2301 587—589
1494 2270 1615 2312 Polyb.
1647 2279 1691 2302 111

150 2322 194 2354 36
213 2321 233 2353 6
252 2323 359 2363 πρώτη
379 2323 437 2359 μὲν
459 2323 511 2353 οὖν
532 2324 584 2353 καὶ
606 2323 743 2361 μεγίστη
767 2323 901 2360 Ὑνῶσισ,
926 2323 971 2352 ἔτι
996 2323 1029 2353 δὲ
1045 2324 1132 2360 κοινὴ
1156 2324 1254 2353 πᾶσιν
1276 2323 1470 2362 ἀνθρώποισ,
1494 2324 1581 2353 ἐστὶν
1597 2323 1616 2360 ἡ
1637 2324 1692 2354 τοῦ

151 2373 361 2414 περιέχοντοσ
394 2374 482 2411 ἡμᾶσ
515 2374 669 2413 διαίρεσισ
690 2375 741 2404 καὶ
764 2374 868 2412 τάξισ·
895 2373 965 2404 καθ’
997 2375 1034 2411 ἦν
1072 2374 1208 2411 πάντεσ,
1247 2374 1288 2403 ὧν
1325 2375 1376 2404 καὶ
1411 2375 1520 2413 μικρὸν
1555 2375 1688 2413 ὄφελοσ,

151 2425 328 2460 ἀνατολὰσ,
347 2426 466 2463 δύσεισ,
488 2427 700 2465 μεσημβρίαν,
721 2426 836 2464 ἄρκτον
859 2425 1053 2464 ’γνωρίζομεν
1144 2424 1207 2456 587
1231 2426 1437 2456 discribitur
1459 2423 1690 2456 Buechelerus

151 2484 239 2506 mus.
268 2474 380 2506 Rhen.
410 2484 464 2506 an.
497 2475 582 2506 1858
608 2485 666 2516 pp.
696 2475 760 2507 602
787 2484 876 2516 sqq„
905 2478 1116 2507 describitur
1141 2474 1219 2506 libri
1309 2475 1372 2505 588
1395 2479 1598 2507 nascentem
1621 2479 1694 2512 LM,

151 2529 423 2564 nascentemque
440 2527 541 2557 metri
564 2536 670 2558 causa
693 2530 719 2558 G
807 2530 948 2564 lapsum
973 2526 1254 2564 Bonincontrius,
1271 2529 1387 2564 ipsum
1410 2526 1500 2564 libri,
1524 2529 1564 2558 ut
1589 2525 1690 2559 Ouid.

151 2576 205 2609 Ib.
225 2577 290 2608 424
312 2577 390 2616 ipsa
411 2577 442 2608 V
463 2587 526 2618 pro
548 2577 657 2617 lapsa,
674 2577 759 2608 item
783 2577 864 2608 Luc.
884 2585 952 2608 VIII
975 2577 1038 2608 662
1056 2576 1131 2608 cod.
1149 2587 1238 2608 unus
1256 2576 1350 2618 apud
1367 2577 1533 2609 Cortium.
1582 2585 1610 2608 11
1627 2577 1692 2609 855

152 2627 312 2660 labentem
329 2651 336 2659 .
355 2651 362 2659 .
382 2651 390 2659 .
409 2627 507 2665 diem,
526 2627 603 2659 Sen.
624 2627 696 2659 H.f.
718 2629 782 2660 443
808 2628 1032 2667 quodcumque
1052 2627 1156 2659 Titan
1174 2631 1264 2659 ortus
1283 2630 1311 2658 et
1329 2626 1441 2658 labens
1459 2627 1560 2664 uidet,
1587 2627 1690 2660 Ouid.

151 2678 233 2710 fast.
256 2687 270 2710 1
290 2679 310 2709 2
331 2678 491 2718 lapsaque
510 2678 570 2709 sub
590 2681 693 2710 terras
713 2681 846 2718 ortaque
863 2679 961 2718 siqua
980 2688 1100 2709 canam
1191 2678 1254 2709 590
1273 2682 1404 2717 gerunt
1423 2688 1491 2710 om.
1515 2682 1540 2710 G
1628 2689 1691 2720 pro

152 2729 238 2762 bella
262 2729 533 2761 Bonincontrius
557 2732 593 2761 et
617 2729 771 2771 plerique
797 2733 878 2761 ante
903 2729 1071 2761 Iacobum
1096 2729 1227 2767 bellum,
1246 2729 1341 2771 quod
1364 2729 1556 2771 elegantius
1581 2729 1692 2762 uideri

151 2784 304 2823 poterat,
328 2781 394 2812 nisi
416 2780 500 2812 bella
522 2781 619 2812 uenti
641 2791 756 2822 gerere
779 2780 976 2812 dicerentur
1000 2780 1100 2813 Ouid.
1127 2783 1208 2812 met.
1234 2790 1273 2813 XI
1295 2781 1371 2818 491,
1396 2780 1473 2814 Sen.
1499 2781 1588 2813 Med.
1614 2782 1691 2817 940,

153 2832 237 2865 alibi
327 2832 389 2864 591
411 2841 516 2865 eurus
536 2831 585 2869 1.²‚
606 2842 709 2864 curus
730 2836 774 2869 M,
795 2842 901 2865 uerus
921 2836 957 2869 G,
982 2842 1067 2864 urus
1087 2836 1110 2864 1.
1130 2835 1166 2863 et
1186 2842 1228 2863 ex
1249 2842 1333 2863 corr.
1357 2836 1390 2864 Μ
1474 2831 1566 2873 fuqit
1586 2843 1606 2864 a
1626 2834 1696 2864 ruit
