1872 3183
174 128 230 166 64
762 132 824 175 M.
857 133 1110 176 MANILII

336 242 545 284 accedunt
565 248 608 284 et
627 243 733 285 ruris
753 258 866 299 opeS‚
887 244 1141 299 propriaque
1162 245 1387 286 iuuencum

336 316 436 358 dote
454 331 528 372 per
548 318 736 359 inuersos
756 323 934 360 exornat
954 333 1122 360 uomere
1141 333 1325 374 campos.

211 397 280 428 525
390 391 476 441 sed,
499 392 697 434 Geminos
716 406 852 447 aequa
872 407 969 434 cum
988 393 1149 448 profert
1168 393 1283 434 unda
1304 393 1495 448 tegitque

335 470 470 520 parte,
492 466 613 508 dabit
633 467 775 508 studia
796 472 839 508 et
859 467 1006 509 doctas
1025 467 1231 523 producet
1250 467 1305 509 ad
1325 472 1450 509 artes.

335 553 411 581 nec
431 540 552 582 triste
571 541 785 596 ingenium
806 542 879 582 sed
899 542 1011 583 dulci
1030 542 1167 583 tincta
1185 542 1324 597 lepore

334 614 462 656 corda
480 620 611 665 creat,
633 616 832 671 uocisque
852 616 973 658 bonis
992 616 1262 671 citharaeque
1281 615 1473 658 sonantis

170 782 283 815 sidera
297 785 509 817 mentionem
524 785 596 817 fieri
611 798 620 823 ;
649 796 754 827 quem
772 797 813 818 eo
826 788 966 818 nomine
980 786 1119 818 Ellisius
1139 786 1321 818 Hermath.
1342 786 1410 818 uol.
1429 795 1479 818 xv
1497 796 1555 828 pp.
1579 786 1642 817 170
1661 795 1713 826 sq.

169 838 354 876 tamquam
382 840 556 868 astrorum
577 839 728 879 peritum
746 838 923 870 collaudat
939 851 946 870 :
977 838 1064 870 adeo
1081 842 1204 870 neuter
1221 842 1283 870 aut
1302 838 1436 870 caelum
1455 847 1625 878 umquam
1641 847 1715 869 sus-

170 890 315 928 pexerat
332 891 395 919 aut
412 889 579 920 memoria
596 889 742 921 tenebat
758 889 852 930 quod
869 891 1026 931 proxime
1043 890 1264 932 praecedenti
1281 900 1383 922 uersu
1400 890 1542 931 legerat,
1560 889 1716 920 Taurum

168 947 331 970 auersum
348 939 428 971 oriri
519 941 581 971 523
598 945 770 973 accedunt
786 945 822 978 G,
835 945 1002 974 accedent
1018 945 1076 973 LM
1166 945 1260 973 ruris
1273 945 1318 978 M,
1332 945 1389 973 rul
1403 951 1529 973 rursus
1543 944 1578 977 L,
1591 949 1717 972 rursus

171 989 234 1021 GL²
325 994 512 1024 iuuencum
543 992 618 1030 GL2,
644 996 829 1025 iuuentum
861 998 918 1025 LM
1010 994 1073 1024 524
1098 997 1178 1026 dote
1203 997 1248 1030 M,
1274 997 1374 1025 docte
1398 997 1432 1030 L,
1458 997 1559 1025 nocte
1584 995 1609 1024 G
1637 990 1714 1023 cod.

172 1040 325 1073 Venetus
416 1042 551 1075 Taurus
580 1044 778 1082 iuuencum,
810 1044 875 1075 hoc
905 1047 959 1075 est
989 1047 1131 1086 partum
1161 1054 1274 1082 suum,
1306 1044 1482 1075 hominem
1512 1053 1547 1075 se
1577 1045 1716 1080 natum,

170 1097 319 1125 exornat
335 1095 476 1135 propria
491 1095 584 1133 dote,
602 1096 689 1127 ruris
706 1096 842 1137 opibus,
854 1096 1023 1137 frugibus,
1036 1096 1071 1127 in
1087 1096 1135 1126 eis
1152 1106 1239 1136 quos
1256 1105 1393 1127 uomere
1409 1095 1555 1126 inuertit
1570 1095 1716 1136 campis.

174 1145 353 1176 iuuencum
371 1146 441 1177 iam
460 1145 610 1178 Iacobus
628 1150 720 1178 recte
739 1148 991 1188 interpretatus
1010 1150 1073 1184 est,
1094 1147 1226 1188 reliqua
1244 1148 1347 1178 nimis
1366 1146 1525 1184 absurde,
1540 1157 1583 1178 ex
1601 1145 1717 1177 Tauro

170 1199 266 1227 ortos
291 1207 430 1228 uomere
454 1199 625 1236 exornari,
651 1208 741 1239 quae
766 1200 906 1240 propria
929 1209 1048 1230 eorum
1073 1199 1136 1230 dos
1161 1199 1216 1230 sit.
1264 1198 1419 1240 plerique
1442 1198 1629 1229 iuuencum
1654 1207 1717 1238 pro

172 1246 260 1278 boue
279 1251 415 1279 aratore
433 1250 621 1290 accipiunt,
640 1251 700 1290 qui
718 1260 787 1290 qua
805 1250 887 1281 dote
905 1252 1092 1281 exornetur
1108 1251 1223 1281 nescio
1315 1249 1466 1281 525-529
1491 1249 1717 1281 Geminorum

171 1303 271 1340 parte
299 1300 413 1331 media
440 1301 572 1332 oriente
599 1305 792 1333 nascuntur
817 1302 997 1332 doctrinae
1018 1302 1177 1339 studiosi,
1204 1301 1322 1342 lepidi,
1349 1304 1520 1338 cantores,
1548 1300 1717 1337 fidicines,

170 1350 316 1382 cordati.
366 1361 593 1393 quamquam,
614 1363 693 1384 cum
714 1354 859 1395 triginta
877 1354 1031 1394 partium
1051 1353 1148 1384 nulla
1167 1353 1282 1384 media
1300 1363 1373 1384 esse
1392 1353 1514 1394 possit,
1533 1351 1719 1393 significari

172 1401 338 1433 uidentur
359 1406 476 1444 partes
504 1413 553 1435 xv
575 1407 611 1435 et
635 1413 723 1442 XVI3
759 1404 853 1445 quod
878 1405 970 1436 enim
995 1415 1054 1436 eas
1079 1407 1219 1445 separat
1245 1406 1404 1443 διάστημα
1427 1404 1499 1435 siue
1521 1403 1613 1434 linea
1635 1412 1716 1434 uere

173 1453 298 1491 media,
315 1464 356 1485 ea
371 1465 451 1486 cum
467 1465 547 1496 pars
562 1465 632 1486 non
648 1456 704 1493 sit,
721 1455 788 1493 hic,
801 1455 861 1487 ubi
877 1456 919 1486 de
935 1456 1094 1497 partibus
1106 1457 1142 1486 in
1157 1458 1281 1487 exortu
1298 1455 1445 1487 mutatis
1460 1455 1586 1496 agitur,
1602 1454 1718 1485 locum

172 1515 243 1536 non
261 1504 370 1537 habet
461 1507 522 1537 525
542 1517 619 1538 cum
639 1511 774 1545 profert
787 1511 882 1539 unda
900 1511 944 1544 M,
958 1511 1094 1546 profert
1108 1517 1185 1539 cum
1198 1511 1293 1539 unda
1307 1511 1340 1543 L,
1355 1510 1491 1545 profert
1505 1516 1583 1538 cum
1600 1508 1720 1537 uincla

173 1556 247 1593 GL2,
260 1561 396 1596 profert
408 1562 548 1596 quando
559 1562 654 1591 unda
664 1559 739 1590 cod.
754 1559 907 1591 Venetus
998 1559 1040 1590 de
1053 1569 1128 1590 cum
1138 1558 1273 1599 profert,
1287 1558 1378 1589 dabit
1390 1557 1470 1589 uide
1482 1558 1547 1589 572
1559 1567 1720 1598 quaeque

174 1611 354 1649 praeterea
380 1609 425 1640 ad
452 1618 480 1640 11
506 1610 571 1641 256
598 1610 702 1641 attuli
793 1620 899 1650 aequa
923 1613 1028 1649 parte,
1053 1620 1165 1650 aequa
1190 1611 1361 1651 portione,
1389 1609 1508 1650 aequis
1534 1608 1720 1650 partibus;

172 1659 355 1691 dimidiam
376 1660 520 1702 profert,
541 1661 723 1692 dimidiam
746 1662 842 1702 tegit.
893 1662 959 1693 Cic.
983 1661 1080 1692 Arat.
1104 1662 1232 1693 359—61
1259 1661 1486 1701 Arctophylax
1509 1670 1577 1692 non
1598 1669 1721 1700 aequa

170 1714 280 1750 parte
310 1715 449 1750 secatur,
472 1711 476 1755 Ι
496 1723 577 1744 nam
607 1713 737 1744 breuior
769 1714 861 1744 clara
894 1713 978 1744 caeli
1007 1714 1046 1744 de
1078 1716 1171 1752 parte
1201 1713 1344 1750 uidetur,
1368 1711 1372 1754 Ι
1392 1712 1537 1751 amplior
1566 1711 1720 1752 infernas

172 1763 333 1802 depulsus
353 1764 500 1803 possidet
521 1764 666 1802 umbras,
691 1764 789 1796 Lucr.
814 1774 827 1796 1
850 1765 890 1796 87
914 1774 964 1805 sq.
990 1763 1102 1804 infula
1124 1764 1293 1804 uirqirzeos
1314 1764 1519 1795 circumdata
1539 1766 1691 1803 comptus
1712 1761 1717 1805 Ι

174 1825 212 1845 ex
229 1818 366 1855 utraque
382 1816 472 1854 pari
489 1816 656 1847 malarum
674 1819 783 1856 parte
801 1815 983 1856 profusasi.
1033 1816 1190 1856 ‘lorsque
1208 1815 1375 1847 l'horizon
1392 1825 1480 1846 nous
1497 1817 1634 1846 montre
1651 1824 1720 1846 une

174 1866 294 1898 moitie
312 1866 373 1898 des
392 1866 570 1899 Gemeaux
590 1871 626 1899 et
644 1869 772 1899 retient
791 1868 916 1899 l'autre
938 1868 1057 1899 moitie
1077 1867 1201 1899 cachee
1219 1877 1299 1898 sous
1318 1867 1366 1898 les
1385 1877 1476 1898 eaux
1488 1867 1495 1880 ’
1517 1866 1720 1908 Pingraeus,

174 1918 233 1958 qui
251 1918 383 1959 primus
400 1922 436 1949 et
453 1919 546 1950 solus
563 1923 804 1950 enarratorum
822 1919 907 1950 haec
924 1919 1098 1950 intellexit
1115 1929 1154 1949 ac
1172 1920 1289 1960 potius
1302 1919 1435 1960 primus
1452 1921 1488 1950 et
1505 1918 1598 1950 solus
1614 1918 1720 1959 legit3

173 1979 255 2000 nam
280 1968 430 2011 Scaliger
450 1969 567 2011 Fayus
588 1969 774 2002 Stoeberus
795 1981 865 2002 non
888 1974 1013 2012 poetae
1032 1971 1139 2001 uerba
1155 1970 1215 2001 sed
1231 1980 1296 2001 sua
1311 1970 1353 2001 de
1370 1970 1524 2002 Geminis
1540 1970 1620 2001 oriri
1635 1969 1719 2001 inci-

174 2019 352 2062 pientibus
371 2021 507 2051 somnia
524 2022 746 2063 interpretati
765 2024 876 2059 erant,
897 2031 986 2062 quae
1006 2021 1070 2052 sibi
1084 2022 1169 2062 eripi
1187 2031 1258 2052 non
1276 2030 1399 2062 passus
1417 2023 1471 2052 est
1490 2020 1666 2052 Breiterus

264 2071 326 2103 526
344 2075 466 2104 doctas
479 2071 554 2109 (ΞΠ,
568 2076 671 2105 docta
687 2077 721 2109 L,
740 2077 866 2105 ductas
886 2077 919 2104 M
1010 2076 1179 2111 producet
1196 2072 1307 2109 GL²M‚
1326 2075 1489 2110 producit
1505 2075 1529 2104 L
1618 2070 1721 2109 dabit,

173 2132 264 2163 quae
281 2124 419 2164 proprie
436 2123 669 2165 appellantur,
687 2124 801 2156 studia
818 2127 846 2155 et
862 2124 1019 2155 homines
1036 2124 1080 2155 ad
1096 2124 1207 2155 doctas
1223 2126 1309 2155 artes
1322 2124 1491 2163 producet,
1509 2123 1599 2155 sicut
1615 2122 1721 2164 Virgo

177 2175 236 2206 191
260 2184 310 2215 sq.
334 2174 378 2206 ad
397 2175 547 2206 studium
567 2175 661 2207 ducet
682 2186 787 2207 mores
808 2178 836 2207 et
854 2178 987 2215 pectora
1007 2175 1110 2207 doctis
1131 2174 1136 2218 Ι
1156 2174 1284 2206 artibus
1304 2175 1455 2206 instituet
1545 2174 1607 2205 528
1624 2178 1721 2206 uocis

175 2229 212 2264 G,
223 2228 319 2257 uecis
329 2229 387 2257 LM
478 2230 637 2259 citharae
648 2226 723 2264 GL²‚
735 2230 869 2259 cithere
881 2231 925 2264 M,
939 2230 1064 2259 cittere
1075 2231 1098 2258 L
1188 2236 1361 2264 uocesque
1374 2230 1483 2259 bonas
1494 2228 1721 2263 citharasque

175 2281 342 2309 sonantes
357 2276 432 2309 cod.
447 2277 601 2309 Venetus
692 2287 715 2309 v
731 2279 797 2310 329
812 2288 862 2319 sq.
881 2278 958 2309 hinc
976 2280 1011 2319 (a
1027 2278 1134 2320 Lyra)
1152 2278 1288 2309 uenient
1305 2277 1398 2308 uocis
1415 2277 1503 2309 dotes
1519 2276 1721 2317 ckordaeque

175 2327 339 2366 sonantis,
359 2328 477 2367 Quint.
497 2330 577 2360 inst.
592 2338 632 2360 XI
649 2330 669 2361 3
690 2330 730 2360 19
743 2333 924 2370 auqentur.
944 2353 949 2358 .
968 2353 975 2361 .
992 2330 1087 2360 uocis
1100 2329 1185 2360 bona
1198 2338 1289 2366 cura,
1304 2328 1507 2368 neyleyentia
1519 2327 1723 2359 minuuntur

267 2379 329 2410 529
347 2384 473 2412 cantus
491 2380 626 2411 Iortino
645 2384 834 2421 praeeunte
854 2380 1044 2418 Bentleiuffi
1064 2385 1178 2413 saltus
1199 2384 1248 2412 GL
1265 2379 1340 2412 cod.
1361 2379 1526 2417 Venetus,
1546 2382 1656 2412 salius
1675 2383 1720 2417 M,

173 2431 301 2462 salium
317 2429 478 2472 Scaliger,
495 2432 555 2472 qui
571 2433 753 2473 genetiuus
769 2442 943 2473 nusquam
960 2433 1139 2473 reperitur.
1187 2431 1265 2463 qu.
1283 2439 1351 2462 vm
1368 2432 1432 2462 225
1448 2433 1549 2462 cantu
1564 2431 1723 2463 meliores

175 2482 264 2520 libri,
288 2482 377 2513 saltu
398 2483 522 2524 plures.
571 2483 701 2514 saltum
724 2494 787 2524 pro
809 2484 995 2515 saltatione
1018 2484 1100 2524 poni
1122 2493 1222 2524 posse
1244 2482 1436 2514 ostendunt
1457 2491 1481 2513 V
1502 2483 1567 2514 323
1589 2482 1724 2514 mobilis

176 2534 214 2564 in
233 2533 340 2565 saltus
360 2536 389 2565 et
407 2544 545 2565 scaenae
564 2534 696 2566 mollior
715 2538 783 2565 arte
802 2538 838 2566 et
857 2545 962 2566 carm.
984 2536 1090 2576 epigr.
1113 2534 1241 2565 Buech.
1266 2534 1350 2565 1282
1372 2534 1391 2564 8
1411 2543 1470 2565 nec
1488 2533 1595 2565 saltus
1614 2533 1722 2565 uitam

174 2585 315 2624 protulit
329 2588 388 2616 aut
402 2585 546 2623 choreae,
562 2585 622 2617 sed
638 2586 711 2617 eius
726 2587 785 2623 rei,
802 2596 909 2627 quam
925 2586 1115 2617 multarum
1131 2585 1333 2616 deliciarum
1348 2585 1512 2616 comitem
1526 2588 1721 2616 extremam

176 2646 288 2677 neque
308 2637 344 2667 in
364 2637 526 2668 conuiuio
546 2637 727 2668 moderato
748 2641 855 2678 atque
875 2638 1022 2669 honesto
1042 2637 1114 2668 fieri
1135 2637 1273 2668 solitam
1294 2636 1411 2669 Cicero
1431 2636 1528 2674 dicit,
1548 2645 1619 2667 non
1638 2638 1721 2677 apte

176 2688 266 2718 dotes
290 2691 619 2725 commemorantur,
645 2698 758 2729 neque
783 2688 905 2720 melius
930 2698 1009 2719 cum
1035 2691 1174 2729 pectore
1199 2688 1392 2729 iunguntur
1415 2697 1523 2728 quam
1547 2687 1721 2728 superiore

179 2748 279 2770 uersu
292 2738 398 2770 corda
410 2739 606 2771 saltationis
619 2739 718 2771 bonis
730 2740 855 2771 instrui
868 2740 1073 2771 dicerentur.
1122 2742 1240 2770 cantus
1252 2739 1340 2770 dotes
1351 2742 1434 2770 sunt
1446 2739 1541 2770 uocis
1552 2737 1722 2769 citharae-

181 2799 248 2830 que
275 2789 377 2827 bona,
405 2801 553 2831 quarum
580 2794 729 2832 utraque
755 2792 915 2829 canitur3
955 2802 996 2823 ea
1022 2794 1140 2822 autem
1166 2801 1246 2822 cum
1270 2794 1397 2830 pectore
1421 2791 1624 2832 iunguntur,
1651 2799 1722 2831 quo

182 2842 320 2873 nomine
343 2851 435 2873 nunc
459 2842 680 2884 appellantur
701 2843 760 2874 illa
782 2843 874 2875 dulci
897 2844 1009 2874 tincta
1032 2843 1146 2884 lepore
1169 2843 1283 2874 corda.
1332 2844 1453 2884 pectus
1475 2842 1567 2873 enim
1585 2842 1723 2873 animus
