1872 3183
189 148 245 187 94
778 146 840 188 M.
873 146 1125 188 MANILII

351 256 505 297 Martia
525 256 729 298 Romanis
750 256 865 298 urbis
885 262 1007 312 pater
1027 257 1167 298 induit
1187 271 1259 298 ora

351 330 669 386 Gradiuumque
689 331 830 372 Venus
850 331 1028 373 miscens
1048 331 1154 373 bene
1173 336 1384 387 temperat
1403 336 1534 379 artus,

227 412 294 444 720
350 419 508 460 perque
527 404 737 447 coloratas
756 405 923 446 subtilis
945 405 1119 448 Graecia
1138 411 1282 460 gentes

351 479 620 534 gymnasium
638 480 824 535 praefert
843 479 968 522 uultu
987 480 1194 535 fortisque
1213 480 1457 535 palaestras,

352 559 396 595 et
415 554 581 608 Syriam
600 554 789 609 produnt
808 554 911 595 torti
930 569 1004 610 per
1024 559 1217 610 tempora
1236 555 1382 596 crines.

352 628 582 683 Aethiopes
602 628 819 670 maculant
838 629 983 670 orbem
1003 629 1272 684 tenebrisque
1291 629 1476 684 figurant

352 702 542 757 perfusas
562 702 782 745 hominum
802 708 948 758 gentes
966 718 975 753 3
1012 703 1151 745 minus
1171 703 1295 744 India
1314 709 1442 745 tostos

186 842 244 871 τοῦ
281 843 442 882 μεγέθουσ
475 845 526 875 καὶ
558 845 620 882 τῆσ
651 846 849 883 ξανθότητοσ
939 844 1002 876 718
1026 847 1182 876 romanis
1206 847 1229 876 L
1254 846 1290 875 et
1313 853 1357 875 ex
1381 852 1465 874 corr.
1493 846 1539 880 M,
1563 849 1732 874 romanus

189 895 235 928 Μ,
264 902 430 926 romanas
459 898 485 926 G
516 897 552 926 et
587 905 679 926 man.
711 905 775 927 rec.
807 896 843 927 in
873 899 896 928 1.
985 899 1083 928 urbis
1108 899 1178 932 LM,
1203 899 1298 928 orbis
1328 895 1374 934 L2,
1407 899 1512 926 urbes
1541 897 1576 926 G.
1626 892 1734 924 Bent-

190 942 276 975 leius
311 945 460 978 contulit
493 945 570 978 qu.
609 955 637 978 11
673 947 780 978 126-8
814 957 833 978 ο
869 950 979 987 pater
1007 947 1127 985 urbis,
1150 945 1154 990 Ι
1174 946 1262 978 unde
1303 945 1398 988 nefas
1443 949 1573 977 tantum
1621 943 1734 976 Latiis

188 996 380 1035 pastoribus
394 999 410 1029 ,2
439 997 527 1029 unde
548 996 553 1041 Ι
573 997 650 1029 haec
679 999 794 1039 tetiyit,
820 998 1002 1036 Gradiue,
1025 1002 1099 1030 tuos
1119 999 1228 1030 urtica
1250 1001 1383 1039 nepotes
1397 999 1412 1030 ?
1457 1000 1610 1029 ceterum
1636 1000 1730 1028 utro-

193 1046 295 1088 bique
335 1051 471 1090 patrem
511 1049 605 1081 urbis
646 1060 716 1081 non
749 1054 788 1081 ut
829 1050 1008 1082 Bentleius
1047 1050 1195 1082 Martem
1229 1050 1289 1081 sed
1328 1049 1518 1081 Romulum
1557 1047 1732 1089 intellego,

191 1108 295 1139 quem
325 1101 376 1131 ita
403 1101 460 1132 alii
492 1101 724 1143 appellarunt,
757 1101 858 1134 Ouid.
890 1101 970 1133 fast.
1001 1111 1044 1133 111
1072 1103 1113 1133 72
1141 1105 1292 1133 aeternae
1308 1125 1316 1133 .
1336 1125 1343 1132 .
1362 1125 1370 1133 .
1387 1103 1483 1142 pater
1502 1099 1605 1137 urbis,
1626 1099 1728 1140 Prop.

191 1157 229 1180 1v
266 1151 307 1183 10
345 1153 383 1183 17
420 1152 513 1184 urbis
547 1153 773 1194 uir-tutumque
806 1164 942 1194 parens,
978 1153 1051 1185 Liu.
1080 1162 1093 1184 1
1125 1154 1164 1185 16
1193 1154 1212 1185 3
1242 1163 1346 1193 reyem
1375 1154 1609 1193 parentemque
1638 1149 1733 1182 urbis

191 1201 374 1241 Romanae,
402 1205 421 1235 6
448 1214 572 1244 parens
609 1204 711 1236 huius
747 1204 839 1236 urbis
928 1205 992 1236 719
1024 1215 1135 1237 uenus
1167 1205 1359 1241 Bentleius,
1392 1213 1503 1243 genus
1537 1206 1620 1234 GLM
1652 1201 1729 1234 cod.

186 1253 355 1292 Venetus,
392 1266 459 1287 om.
494 1256 608 1292 BodL,
641 1267 742 1288 suum
777 1257 867 1288 Flor.
902 1260 1010 1298 atque
1041 1258 1093 1288 ita
1127 1256 1205 1288 edd.
1241 1260 1328 1288 uett.
1363 1259 1399 1287 et
1432 1255 1595 1296 Scaliger,
1627 1264 1734 1295 qenus

187 1307 321 1347 primus
346 1307 549 1339 Bechertus.
583 1307 731 1339 absurde
756 1311 836 1349 post
861 1311 1134 1339 commemorata
1167 1307 1293 1339 Martia
1327 1307 1494 1338 Romanis
1516 1305 1641 1337 induta
1666 1315 1726 1336 ora

190 1367 298 1397 genus
325 1368 443 1390 eorum
470 1358 662 1390 Gradiuum
688 1360 829 1391 miscere
854 1359 991 1397 dicitur,
1015 1370 1104 1401 quae
1130 1360 1283 1390 mixtura
1308 1358 1403 1390 nulla
1428 1361 1492 1396 est,
1515 1367 1595 1389 cum
1620 1356 1736 1388 Marte-

192 1407 323 1440 Martis.
372 1409 436 1441 hoc
454 1420 533 1442 cum
552 1412 712 1442 sensisset
732 1411 908 1442 Bentleius
926 1414 962 1442 et
980 1410 1146 1442 miscendi
1165 1409 1451 1452 temperandique
1465 1408 1572 1441 uerba.
1586 1408 1726 1440 alterius

192 1459 431 1492 Romanorum
450 1462 588 1502 originis
614 1463 825 1493 mentionem
851 1462 1018 1503 flagitare,
1039 1462 1241 1493 Aeneadum
1259 1462 1467 1503 genetricem
1481 1461 1518 1492 in
1543 1460 1731 1501 antiquum

188 1512 459 1544 contubernium
482 1514 623 1545 reduxit
642 1513 781 1545 conlato
802 1514 903 1546 Mart.
929 1523 951 1545 v
976 1515 994 1545 7
1020 1515 1039 1545 6
1062 1524 1179 1545 sumus
1197 1513 1323 1544 Martis
1336 1512 1442 1550 turba,
1461 1512 1518 1544 sed
1536 1515 1564 1544 et
1588 1512 1738 1547 Veneris,

192 1564 248 1594 cui
289 1563 363 1595 loco
396 1564 507 1596 adicio
539 1565 649 1596 Rutil.
683 1565 786 1597 Nam.
816 1575 829 1596 1
860 1566 968 1598 67-70
999 1569 1146 1597 auctores
1175 1565 1302 1605 yeneris
1341 1565 1496 1596 Venerem
1527 1563 1737 1603 Martemque

184 1614 344 1655 fatemur,
369 1614 373 1658 Ι
393 1616 588 1648 Aeneadum
611 1619 749 1648 matrem
776 1617 1056 1657 Romulidumque
1079 1619 1209 1657 patrem
1228 1626 1238 1647 .·
1260 1614 1265 1659 Ι
1284 1616 1416 1655 mitiyat
1441 1617 1587 1646 armatos
1611 1615 1735 1646 uictrix

190 1666 365 1698 clementia
389 1668 489 1705 uires,
512 1666 517 1711 Ι
537 1669 691 1700 conuenit
725 1669 763 1699 in
795 1679 899 1699 mores
931 1679 1057 1700 numen
1094 1671 1268 1708 utrumque
1296 1671 1378 1698 tuos.
1424 1678 1502 1699 raro
1540 1671 1577 1698 et
1613 1667 1733 1698 lexicis

185 1719 309 1759 ignoto
331 1719 429 1750 uerbi
451 1730 515 1751 usu
538 1720 674 1751 miscere
696 1719 890 1751 Gradiuum
912 1720 1041 1752 dicitur
1059 1730 1150 1761 quae
1173 1730 1208 1752 se
1228 1720 1259 1751 ei
1279 1719 1472 1750 admiscet:
1510 1719 1562 1749 ita
1587 1717 1736 1750 Ouidius

188 1771 280 1801 trist.
304 1779 343 1802 IV
367 1772 408 1802 10
429 1772 472 1803 93
491 1781 542 1812 sq.
568 1772 638 1802 iam
662 1771 748 1803 mihi
771 1772 936 1803 canities.
956 1796 964 1803 .
983 1796 991 1803 .
1018 1775 1155 1803 uenerat
1177 1771 1337 1812 antiquas
1359 1770 1601 1810 miscueratque
1624 1780 1740 1801 comas

187 1824 225 1853 et
249 1822 440 1853 Columella
464 1832 487 1853 x
513 1824 575 1854 261
602 1833 653 1864 sq.
678 1833 756 1854 rosa
776 1827 925 1863 praestat
951 1823 1089 1854 honores
1112 1822 1309 1866 {caelitibus
1341 1821 1538 1862 templisque
1568 1820 1738 1853 Sabaeum

189 1873 305 1904 miscet
340 1873 482 1911 odorem,
522 1884 627 1914 quem
663 1884 803 1905 uersum
842 1875 969 1905 iniuria
1008 1875 1184 1915 temptaui
1221 1875 1258 1905 in
1292 1873 1457 1906 Classical
1492 1872 1634 1904 Review
1677 1882 1735 1904 an.

193 1925 279 1956 1906
308 1935 341 1966 p.
372 1926 415 1956 40
508 1925 571 1956 720
597 1926 658 1956 721
691 1925 810 1964 Quint.
835 1926 915 1957 inst.
940 1934 1008 1957 vm
1029 1935 1179 1967 prooem.
1208 1926 1247 1956 19
1273 1934 1410 1965 corpora
1427 1948 1434 1955 .
1454 1948 1461 1955 .
1481 1948 1488 1955 .
1509 1924 1740 1955 exercitatione

186 1976 327 2016 firmata
351 1986 389 2007 ex
412 1976 517 2007 isdem
541 1976 595 2007 his
618 1977 760 2017 speciem
783 1977 966 2017 accipiunt,
992 1987 1030 2008 ex
1053 1976 1174 2017 quibus
1197 1976 1297 2013 uires,
1323 1986 1466 2016 namque
1489 1979 1518 2007 et
1541 1976 1685 2007 colorata
1709 1978 1739 2007 et

192 2026 350 2058 adstricta
375 2030 402 2058 et
426 2027 555 2058 lacertis
580 2038 733 2068 expressa
756 2031 835 2059 sunt
923 2028 984 2060 721
1006 2032 1111 2060 uultu
1133 2032 1243 2060 fortes
1266 2027 1341 2064 (ΗΡ,
1364 2031 1486 2059 uultus
1507 2030 1596 2059 ortis
1621 2027 1736 2067 (ortus

192 2082 226 2110 M
251 2081 332 2110 ante
355 2080 456 2118 corr.)
481 2083 538 2111 ΒΜ
628 2080 691 2110 722
715 2084 751 2111 et
774 2084 907 2118 syriam
930 2083 990 2117 GL,
1016 2083 1168 2119 cisyram
1191 2083 1236 2116 Μ,
1261 2078 1353 2110 idem
1376 2079 1441 2110 750
1465 2089 1480 2109 e
1502 2078 1590 2110 sirae
1612 2088 1674 2119 pro
1708 2081 1739 2109 et

194 2130 313 2170 syriae.
363 2129 499 2170 Syriam
520 2130 667 2171 produnt
692 2131 767 2162 torti
791 2131 909 2168 crines,
936 2134 1056 2162 moret.
1084 2131 1126 2163 32
1152 2141 1202 2172 sq.
1229 2130 1317 2171 Afra
1340 2139 1453 2170 qenus,
1478 2133 1545 2160 tota
1564 2129 1736 2170 patriam

195 2184 353 2212 testante
374 2182 499 2222 fiyura,
523 2179 527 2224 Ι
547 2184 645 2213 torta
672 2191 814 2213 comam
841 2181 994 2222 labroque
1021 2185 1151 2214 tumens
1179 2185 1208 2213 et
1229 2180 1330 2222 fusca
1356 2181 1470 2218 colore,
1500 2180 1626 2221 quibus
1653 2180 1739 2212 locis

195 2232 290 2264 haud
309 2233 378 2264 scio
398 2243 443 2264 an
462 2234 585 2265 tertius
603 2233 764 2265 accedere
784 2233 910 2265 debeat
923 2233 1024 2274 Prop.
1042 2242 1070 2265 11
1087 2234 1131 2265 25
1149 2234 1192 2265 43
1211 2243 1275 2274 sq„
1289 2242 1376 2274 quos
1397 2242 1515 2263 uersus
1535 2232 1570 2263 in
1588 2232 1739 2264 Journal

196 2283 232 2315 of
248 2283 429 2326 Philology
444 2284 511 2316 uol.
528 2293 594 2316 xxx
610 2295 667 2325 pp.
689 2285 750 2316 153
767 2295 817 2325 sq.
836 2285 883 2316 sic
899 2285 1077 2321 constitui,
1094 2284 1231 2316 uidistis
1243 2284 1414 2324 patriam
1430 2283 1613 2324 (quandam
1629 2282 1736 2320 FDV,

194 2335 339 2376 quadam
359 2336 407 2375 N)
428 2336 577 2376 Arqiuas
599 2337 746 2377 (Aryiua
765 2336 857 2376 libri)
874 2336 1055 2377 prodente
1076 2336 1195 2376 (FDV‚
1213 2335 1348 2376 prodire
1367 2335 1415 2374 N)
1429 2335 1553 2376 fiyura,
1576 2333 1580 2377 Ι
1599 2334 1739 2367 uidistis

195 2390 326 2418 nostras
344 2398 355 2418 .·
386 2390 525 2428 utraque
537 2387 651 2428 forma
670 2388 760 2428 rapit
849 2389 912 2419 723
934 2392 1053 2420 orbem
1074 2387 1174 2418 codd.
1197 2387 1286 2418 Flor.
1308 2389 1343 2417 et
1365 2385 1476 2423 B0d1.,
1497 2390 1619 2419 urbem
1638 2390 1739 2424 GLM,

194 2438 260 2470 hoc
290 2442 343 2470 est
374 2438 492 2470 Ellisio
523 2439 710 2480 interprete
741 2438 916 2470 Romam:
960 2449 1001 2470 ea
1033 2439 1163 2470 scilicet
1193 2437 1405 2479 Aethiopum
1436 2437 1532 2468 sedes
1562 2440 1637 2469 erat

233 2490 385 2531 fiyurant
409 2493 449 2521 ut
473 2498 496 2521 v
520 2491 584 2521 422
611 2490 822 2531 (delphinus)
848 2490 979 2522 sinibus
1004 2491 1094 2522 uires
1117 2490 1220 2521 sumit
1238 2489 1444 2530 fluctumque
1461 2489 1597 2530 fiqurat,
1623 2488 1659 2520 id
1683 2493 1736 2520 est

195 2544 442 2582 repraesentat.
490 2541 678 2582 Aethiopes
711 2542 896 2582 imaginem
929 2542 1130 2582 exprimunt
1162 2541 1319 2582 gentium
1352 2550 1423 2571 non
1455 2540 1535 2571 solis
1567 2540 1642 2572 luce
1675 2540 1738 2572 sed

196 2593 308 2624 noctis
340 2592 485 2633 caligine
517 2592 743 2633 perfusarum.
794 2593 868 2624 Val.
903 2592 995 2624 Max.
1023 2601 1090 2624 vm
1117 2593 1153 2623 11
1181 2595 1250 2623 ext.
1281 2593 1295 2623 l
1323 2591 1493 2623 obscurato
1518 2595 1647 2632 repente
1670 2592 1740 2623 sole

196 2644 371 2675 inusitatis
393 2643 576 2684 perfusae
603 2643 767 2675 tenebris
794 2644 953 2681 Athenae,
982 2644 1073 2675 Petr.
1102 2654 1156 2685 ap.
1182 2643 1256 2674 Ter.
1286 2643 1394 2674 Maur.
1423 2644 1509 2675 2495
1536 2653 1586 2684 sq.
1614 2643 1738 2674 tinctus

196 2695 299 2727 colore
323 2696 428 2726 noctis
449 2694 454 2738 Ι
473 2705 578 2726 manu
602 2706 686 2736 ‘puer
711 2696 852 2735 loquaci,
879 2695 1005 2737 Appul.
1033 2695 1105 2726 flor.
1135 2696 1154 2726 6
1183 2694 1283 2726 Indis
1299 2719 1307 2726 .
1329 2719 1336 2725 .
1356 2718 1363 2725 .
1382 2694 1457 2726 sitis
1483 2694 1527 2726 ad
1551 2697 1736 2726 nascentem

196 2746 284 2777 diem
307 2749 417 2777 tamen
441 2747 480 2777 in
503 2756 634 2786 corpore
658 2746 744 2777 color
766 2746 872 2777 noctis
896 2749 951 2783 est,
977 2746 1061 2777 Gell.
1086 2755 1151 2776 xix
1177 2746 1195 2776 7
1222 2746 1241 2776 6
1267 2745 1444 2785 (Laeuius)
1469 2744 1678 2785 appellauit.
1698 2769 1705 2775 .
1725 2769 1733 2775 .

198 2795 412 2828 Memnonem
427 2797 662 2833 nocticolorem,
680 2795 760 2827 Isid.
780 2797 861 2837 orig.
878 2805 942 2828 XIX
959 2797 1000 2828 23
1018 2797 1036 2828 7
1054 2796 1197 2827 Mauros
1213 2795 1305 2826 habet
1320 2798 1423 2827 taetra
1438 2805 1503 2826 noa:
1519 2804 1691 2836 corporum

285 2847 349 2879 724
364 2851 477 2880 tostos
489 2848 519 2884 *,
535 2851 642 2880 tostis
659 2852 741 2879 ΘΒΜ
757 2847 832 2879 cod.
847 2847 1010 2885 Venetus,
1027 2850 1127 2878 tostas
1144 2846 1242 2878 codd.
1262 2846 1349 2877 Flor.
1367 2849 1403 2877 et
1419 2845 1517 2878 Bodl.
1537 2848 1572 2877 et
1587 2845 1740 2878 editores
