1872 3183
591 146 1076 190 ASTRONOMICON
1108 147 1176 189 IV
1630 152 1655 190 9

177 265 257 296 532⁵.
286 259 397 312 regia
415 257 622 300 Pellaeum
641 259 849 300 seruantia
867 257 983 300 busta
1001 265 1232 313 tyrannum,

280 331 481 382 crederet,
503 336 553 373 ut
571 347 722 387 corpus
741 332 934 387 sepeliret
953 332 1181 387 naufragus
1200 333 1306 388 ignis

182 413 228 444 55
283 405 523 461 eiectaeque
542 420 690 461 rogum
710 406 896 447 facerent
915 406 1153 461 fragmenta
1172 407 1338 448 carinae
1359 408 1373 448 ’ξ

281 480 375 534 quis
395 484 567 521 tantum
586 485 751 521 mutare
770 485 913 535 potest
932 481 1020 522 sine
1039 481 1210 522 numine
1230 481 1309 522 fati
1329 482 1343 522 2

281 553 347 595 ille
367 554 497 596 etiam
516 553 631 595 eaelo
651 554 817 609 genitus
836 554 1034 609 caeloque
1054 561 1259 610 receptus,

280 642 377 669 cum
397 627 502 671 bene
521 628 765 683 compositis
784 628 920 670 uictor
939 628 1132 670 ciuilibus
1152 630 1279 670 armis

281 702 371 743 iura
391 707 514 757 togae
535 707 707 757 regeret,
730 702 886 744 totiens
906 703 1122 757 praedicta
1141 718 1289 745 cauere
1307 751 1311 754 ,

118 854 224 896 quod,
246 856 274 886 si
295 865 462 897 umquam
482 856 611 898 potuit,
633 856 750 898 potuit
771 856 914 888 Caesare
936 866 1026 887 anno
1049 857 1090 887 60
1112 856 1333 888 consulatum
1354 860 1505 898 petente.
1554 856 1653 893 mihi,

117 915 197 937 cum
213 905 256 937 de
272 906 435 948 Pompeio
451 907 487 938 in
502 907 663 949 Aegypto
680 910 817 938 mortuo
833 917 944 939 sermo
960 908 1016 945 sit,
1033 907 1091 939 illa
1108 908 1206 939 etiam
1222 907 1329 939 alium
1346 907 1387 938 Μ
1389 917 1513 948 aqnum
1528 907 1651 939 ducere

117 956 282 989 uidentur
299 957 344 988 ad
362 957 599 989 Alexandrum
618 958 847 990 Alexandriae
865 958 1052 1000 sepultum,
1071 962 1286 1000 expectoque
1306 959 1411 990 talem
1430 960 1652 995 sententiam,

118 1008 126 1022 ‘
141 1018 222 1040 cum
240 1009 311 1040 iam
329 1009 436 1040 etiam
455 1009 543 1040 alter
561 1009 707 1050 Magnus
726 1010 762 1040 in
780 1008 969 1040 Alexandri
987 1009 1143 1051 sepulcro
1162 1011 1322 1051 componi
1340 1010 1486 1051 posset’,
1506 1013 1546 1041 ut
1564 1020 1653 1041 unus

117 1059 306 1092 uersiculus
327 1059 493 1092 excidisse
515 1060 692 1102 putandus
714 1061 769 1092 sit.
818 1061 983 1101 quoniam
1005 1064 1124 1092 autem
1146 1060 1318 1098 Manilius,
1341 1064 1381 1092 ut
1403 1060 1447 1092 ad
1469 1070 1483 1092 1
1507 1062 1546 1093 10
1569 1060 1654 1097 dixi,

118 1110 239 1143 breues
259 1110 378 1142 finales
397 1121 467 1143 non
486 1111 625 1143 uidetur
644 1111 847 1153 produxisse
867 1112 932 1143 nisi
951 1112 987 1143 in
1006 1112 1142 1143 duobus
1161 1113 1264 1153 primi
1283 1112 1361 1144 libri
1380 1113 1537 1144 uersibus
1557 1114 1653 1153 (nam

116 1171 154 1194 IV
169 1163 234 1194 280
248 1163 356 1194 uincit
371 1165 399 1194 et
412 1163 568 1194 oratione
582 1163 689 1195 etiam
703 1166 903 1204 suspectum
918 1164 996 1203 est),
1012 1163 1232 1195 scribendum
1246 1165 1312 1195 erit
1323 1167 1458 1205 pos-sent
1472 1167 1508 1196 et
1522 1164 1654 1206 plurale

116 1224 244 1246 nomen
264 1214 356 1246 hunc
377 1215 414 1246 in
435 1214 578 1246 modum
599 1214 850 1252 sufficiendum,
873 1224 948 1246 eum
969 1215 1039 1247 iam
1061 1215 1160 1247 etiam
1178 1219 1313 1256 possent
1334 1216 1441 1247 alium
1462 1225 1654 1257 componere

118 1265 160 1297 M
162 1275 287 1306 aqnum
307 1264 312 1308 Ι
331 1265 444 1307 <regia
456 1266 628 1298 Pellaeum
641 1266 813 1297 seruantia
825 1266 921 1298 busta
934 1266 1136 1309 tyrannum>
1151 1279 1159 1304 ;
1186 1277 1268 1299 nam
1281 1277 1324 1298 ne
1333 1270 1443 1308 posset
1455 1268 1502 1297 sic
1515 1276 1654 1298 seruare

117 1319 330 1358 temptemus
353 1320 394 1348 ut
416 1316 530 1348 medio
553 1327 655 1349 uersu
677 1319 719 1349 53
743 1318 882 1359 periisse
905 1320 1103 1349 statuamus
1126 1328 1215 1359 quae
1238 1318 1490 1356 desiderantur,
1513 1328 1553 1350 eo
1576 1328 1654 1360 pro-

116 1368 277 1400 hibemur
301 1368 396 1409 quod
421 1368 520 1400 etiarn
544 1371 581 1400 et
605 1368 712 1400 alium
736 1368 893 1410 pluribus
918 1368 1032 1400 uerbis
1056 1369 1269 1411 interpositis
1294 1369 1443 1411 disiungi
1467 1379 1538 1401 non
1561 1369 1653 1401 licet.

117 1419 230 1451 Strab.
255 1428 335 1452 XVII
357 1430 390 1461 p.
417 1420 482 1451 794
515 1421 612 1460 μέροσ
635 1421 669 1452 δὲ
689 1422 751 1451 τῶν
771 1422 944 1460 βασιλείων
963 1422 1032 1451 ἐστὶ
1050 1422 1088 1451 τὸ
1107 1423 1300 1458 καλούμενον
1317 1423 1422 1459 Σῆμα,
1441 1423 1457 1452 ὃ
1474 1422 1650 1461 περίβολοσ

116 1473 154 1509 ἦν
185 1472 216 1501 ἐν
249 1469 273 1510 ᾦ
297 1473 329 1501 αἰ
353 1473 416 1501 τῶν
443 1472 605 1511 βασιλέων
632 1473 733 1509 ταφαὶ
765 1473 818 1502 καὶ
848 1470 868 1509 ἡ
898 1471 1121 1512 Ἀλεξάνδρου,
1152 1471 1233 1503 Luc.
1260 1480 1328 1503 VIII
1355 1472 1465 1504 694-8
1492 1481 1567 1503 cum
1593 1471 1654 1504 tibi

116 1525 244 1553 sacrato
276 1520 442 1554 Macedon
473 1525 620 1553 seruetur
651 1522 690 1553 in
721 1525 826 1560 antro,
845 1546 852 1553 .
872 1546 879 1553 .
899 1546 906 1553 .
926 1521 1024 1554 litora
1056 1523 1256 1563 Pompeium
1281 1522 1423 1564 feriunt,
1456 1523 1516 1554 ubi
1548 1522 1654 1555 schol.

116 1573 207 1604 sedes
220 1573 311 1613 reqia
325 1573 363 1604 in
375 1583 442 1613 qua
455 1583 568 1613 reyum
582 1573 808 1605 Alexandriae
821 1583 959 1614 corpora
972 1577 1050 1605 sunt
1065 1577 1093 1605 et
1106 1574 1293 1606 Alexandri
1307 1573 1349 1605 M
1351 1574 1431 1615 aqni
1446 1573 1654 1611 Macedonis,

116 1624 208 1656 Man.
229 1633 243 1655 1
260 1625 325 1656 770
344 1623 386 1655 Μ
388 1634 472 1665 aqno
490 1625 640 1656 maxima
658 1623 765 1662 Pella,
784 1624 871 1656 Plin.
892 1624 961 1656 n.h.
983 1633 1036 1656 vn
1053 1626 1096 1657 95
1114 1625 1257 1666 Pompei
1275 1624 1316 1656 M
1318 1625 1398 1665 ayni
1415 1625 1528 1657 titulos
1546 1626 1656 1657 omni-s

116 1675 364 1717 triumphosque
381 1699 388 1707 .
408 1699 415 1707 .
435 1700 442 1707 .
461 1679 599 1717 aequato
623 1686 690 1707 non
715 1676 810 1708 modo
834 1675 1021 1708 Alexandri
1045 1675 1170 1716 Maqm'
1193 1686 1303 1708 rerum
1321 1676 1452 1718 fulqore
1475 1677 1531 1709 sed
1556 1677 1655 1709 etiam

114 1727 272 1758 Herculis
293 1737 398 1768 prope
421 1737 459 1758 ac
482 1726 596 1759 Liberi
615 1727 734 1768 patris.
784 1727 826 1759 de
850 1727 979 1759 eisdem
1004 1727 1140 1760 duobus
1164 1728 1299 1770 Magnis
1322 1729 1532 1770 interpretor
1555 1727 1652 1760 anth.

114 1778 191 1810 Lat.
209 1779 301 1810 Ries.
319 1779 383 1810 438
405 1778 544 1819 (Baehr.
562 1778 691 1810 P.L.M.
709 1788 746 1810 1v
761 1789 793 1820 p.
812 1780 869 1818 76)
895 1779 1008 1810 iunxit
1032 1789 1228 1819 maqnorum
1242 1789 1340 1810 casus
1348 1779 1490 1820 fortuna
1503 1780 1654 1811 uirorum

113 1830 171 1871 (al.
195 1830 374 1869 duorum):
397 1827 402 1872 Ι
422 1829 475 1861 hic
495 1829 720 1870 (Alexander)
739 1840 859 1870 paruo,
881 1830 975 1861 nullo
994 1830 1147 1862 conditus
1167 1830 1223 1862 ille
1242 1831 1458 1873 (Pompeius)
1479 1831 1546 1862 loco
1568 1834 1624 1864 est.
1647 1830 1651 1873 Ι

113 1881 168 1919 ite,
194 1891 302 1912 nouas
328 1883 391 1912 toto
418 1884 521 1912 terras
545 1881 729 1922 conquirite
754 1881 907 1913 mundo:
929 1880 934 1924 Ι
954 1891 1072 1922 nempe
1097 1885 1209 1914 manet
1234 1893 1371 1923 maqnos
1394 1882 1543 1923 paruula
1569 1885 1654 1914 terra

113 1932 220 1964 duces.
269 1941 461 1973 componere
480 1943 542 1973 pro
558 1932 696 1973 sepelire
716 1935 751 1964 et
772 1932 830 1964 alii
852 1932 1027 1970 dixerunt,
1049 1932 1148 1965 uelut
1169 1933 1315 1966 Ouidius
1335 1933 1415 1965 fast.
1438 1943 1462 1965 v
1483 1935 1547 1965 426
1569 1943 1652 1965 com-

112 1983 278 2024 positique
298 1993 401 2024 nepos
421 1983 517 2015 busta
534 1983 653 2024 piabat
673 1984 744 2021 aui,
766 1987 802 2015 et
823 1984 859 2015 in
881 1983 1048 2026 Pompeio
1069 1985 1211 2026 eiusque
1232 1985 1309 2016 filiis
1327 1988 1431 2026 poeta
1453 1985 1549 2016 anth.
1573 1985 1651 2016 Lat.

113 2036 177 2066 455
207 2035 222 2066 1
252 2044 302 2075 sq.
330 2034 474 2075 (P.L.M.
503 2043 540 2066 1v
567 2045 600 2076 p.
628 2035 685 2074 82)
710 2035 835 2075 patria,
862 2035 993 2067 diuerso
1018 2038 1180 2067 terrarum
1207 2036 1299 2067 litore
1327 2034 1499 2078 Magynos!
1527 2039 1655 2077 spectas

112 2085 309 2126 compositos
338 2085 401 2117 heu
431 2086 504 2117 sine
534 2085 739 2123 nominibus,
768 2086 811 2117 de
836 2086 1024 2118 Alexandri
1048 2087 1204 2128 sepulcro
1229 2087 1429 2119 scholiastes
1454 2087 1535 2119 Luc.
1562 2096 1586 2118 x
1613 2089 1653 2119 19

112 2140 227 2178 postea
248 2146 361 2168 omnes
383 2147 471 2177 reyes
494 2136 543 2168 ibi
558 2137 733 2178 compositi
755 2140 856 2174 sunt3
882 2137 985 2179 paulo
1010 2138 1110 2169 aliter
1133 2138 1294 2170 Lucanus
1318 2147 1357 2170 1x
1380 2139 1423 2170 58
1446 2138 1653 2180 membraque

112 2187 257 2228 dispersi
268 2187 385 2228 pelayo
396 2197 587 2227 componere
598 2187 640 2218 M
642 2188 731 2228 aqni.
774 2188 970 2229 sepulcrum
984 2191 1103 2220 autem
1115 2188 1291 2220 hominem
1304 2199 1510 2231 componere
1524 2189 1652 2222 dicitur

111 2239 203 2271 Petr.
236 2239 299 2271 114
328 2240 366 2270 11
396 2249 457 2270 nos
473 2263 480 2270 .
500 2263 507 2270 .
527 2263 534 2270 .
555 2238 750 2279 imprudens
777 2239 902 2271 harena
927 2243 1097 2280 componet
1188 2240 1230 2271 54
1257 2239 1445 2281 nausraqus
1476 2241 1566 2281 iqnis
1593 2251 1650 2273 ex-

111 2290 261 2330 plicatur
285 2299 387 2321 uersu
411 2290 569 2331 proximo
658 2289 698 2320 55
729 2293 860 2322 eiectae
892 2289 1051 2332 Scaliger,
1077 2294 1210 2323 electae
1238 2290 1326 2323 libri.
1375 2291 1457 2323 Luc.
1489 2300 1559 2323 vm
1586 2293 1651 2324 755

111 2341 242 2373 collecta
256 2340 375 2382 procul
392 2341 517 2372 lacerae
529 2340 719 2382 fragmenta
737 2341 882 2379 carinae,
902 2341 976 2373 Val.
998 2341 1090 2373 Max.
1113 2351 1126 2373 1
1144 2343 1164 2373 8
1183 2343 1204 2374 9
1221 2343 1372 2375 concisae
1389 2342 1532 2384 scaphae
1549 2343 1652 2384 liynis

111 2392 357 2430 continuabatur,
396 2392 487 2424 Plut.
527 2393 590 2424 uit.
630 2392 751 2434 Pomp.
792 2393 834 2425 80
871 2394 891 2424 2
929 2395 1046 2433 μικρᾶσ
1084 2395 1220 2425 ἁλιάδοσ
1253 2396 1404 2435 λείψανα,
1440 2396 1563 2426 παλαιὰ.
1593 2398 1651 2433 μὲν

111 2446 267 2484 ἀρκοῦντα
297 2445 330 2474 δὲ
369 2443 468 2485 νεκρῷ
505 2443 615 2484 ’γυμνῷ
655 2446 707 2475 καὶ
737 2446 808 2475 οὐδὲ
840 2446 902 2483 ὅλῳ
934 2445 1089 2485 πυρκαιᾰν
1120 2446 1298 2485 ἀναγκαίαν
1341 2448 1521 2486 παρασχεῖν
1611 2446 1653 2477 56

111 2498 248 2532 mutare,
276 2495 406 2527 mutari
495 2495 535 2526 5⁸
562 2498 677 2527 uictor
702 2497 866 2527 ciuilibus
892 2499 918 2527 G
943 2499 980 2527 et
1006 2497 1038 2537 (c
1064 2496 1212 2528 alterum
1238 2497 1274 2528 in
1301 2497 1430 2529 maiore
1456 2499 1592 2537 rasura.)
1616 2501 1651 2534 L,

110 2549 285 2578 uictorum
311 2548 442 2578 uilibus
467 2549 502 2578 Μ
591 2546 633 2577 59
659 2549 739 2578 iura
765 2546 873 2584 GL2M,
899 2549 977 2579 iuro
1002 2550 1038 2585 L,
1064 2550 1140 2579 iure
1166 2547 1241 2579 cod.
1270 2548 1424 2580 Venetus
1512 2553 1652 2587 regeret

110 2597 184 2635 GL²‚
210 2600 342 2636 regerit
365 2601 424 2629 ΒΜ
513 2597 621 2629 59-62
645 2597 730 2630 Vell.
758 2607 788 2629 11
813 2600 854 2630 57
883 2599 944 2630 1-3
970 2598 1126 2630 incautus
1150 2598 1190 2630 ab
1223 2599 1366 2639 inqratis
1389 2602 1568 2640 occupatus
1594 2604 1651 2637 est,

110 2659 187 2681 eum
207 2648 340 2690 quidem
359 2648 512 2689 plurima
534 2649 564 2681 ei
583 2649 762 2690 praesaqia
783 2652 878 2690 atque
900 2649 1030 2681 indicia
1051 2650 1086 2681 di
1108 2650 1309 2682 immortales
1324 2650 1438 2691 futuri
1459 2650 1652 2682 obtulissent

108 2700 263 2741 periculi.
311 2710 392 2732 nam
408 2724 415 2731 .
435 2724 442 2731 .
463 2699 593 2731 ‚libelli
620 2701 884 2732 coniurationem
912 2701 1106 2732 nuntiantes
1134 2701 1205 2733 dati
1233 2712 1336 2742 neque
1361 2701 1518 2742 protinus
1546 2702 1586 2733 ab
1616 2713 1651 2735 eo

113 2751 186 2783 lecti
205 2754 307 2783 erant.
355 2751 411 2783 sed
427 2751 571 2792 profecto
590 2751 814 2783 ineluctabilis
826 2751 976 2792 fatorum
996 2752 1062 2790 uis,
1082 2753 1318 2793 cuiuscumque
1330 2752 1505 2794 fortunam
1524 2757 1652 2785 mutare

111 2803 291 2839 constituit,
318 2802 461 2833 consilia
485 2803 677 2843 corrumpit,
704 2803 793 2834 Flor.
823 2812 851 2834 11
878 2804 917 2835 13
943 2804 986 2835 94
1010 2806 1136 2843 quanta
1161 2804 1216 2835 uis
1235 2803 1330 2844 fati!
1368 2808 1563 2836 manauerat
1589 2805 1653 2836 late

113 2855 310 2891 coniuratio,
326 2853 455 2885 libellus
473 2854 571 2885 etiam
595 2854 733 2885 Caesari
751 2854 847 2885 datus
865 2855 972 2886 eodem
990 2855 1052 2892 die,
1072 2854 1163 2886 Plut.
1183 2856 1245 2886 uit.
1265 2855 1358 2887 Caes.
1378 2855 1419 2888 63
1441 2857 1453 2887 1
1475 2858 1573 2888 ἔοικεν
1593 2859 1651 2897 οὐχ
