<?xml version="1.0" encoding="UTF-8"?>
<!DOCTYPE html PUBLIC "-//W3C//DTD XHTML 1.0 Transitional//EN"
    "http://www.w3.org/TR/xhtml1/DTD/xhtml1-transitional.dtd">
<html xmlns="http://www.w3.org/1999/xhtml" xml:lang="en" lang="en">
 <head>
  <title>
</title>
<meta http-equiv="Content-Type" content="text/html;charset=utf-8" />
  <meta name='ocr-system' content='tesseract 3.04.00' />
  <meta name='ocr-capabilities' content='ocr_page ocr_carea ocr_par ocr_line ocrx_word'/>
</head>
<body>
  <div class='ocr_page' id='page_1' title='image "astronomiconrece04maniuoft_0155.png"; bbox 0 0 1872 3183; ppageno 0'>
   <div class='ocr_carea' id='block_1_1' title="bbox 625 113 1679 157">
    <p class='ocr_par' dir='ltr' id='par_1_1' title="bbox 625 113 1679 157">
     <span class='ocr_line' id='line_1_1' title="bbox 625 113 1679 157; baseline 0.001 -2"><span class='ocrx_word' id='word_1_1' title='bbox 625 113 1112 157; x_wconf 83' lang='lat' dir='ltr'>ASTRONOMICON</span> <span class='ocrx_word' id='word_1_2' title='bbox 1129 114 1207 156; x_wconf 91' lang='lat' dir='ltr'>.IV</span> <span class='ocrx_word' id='word_1_3' title='bbox 1598 117 1679 156; x_wconf 87' lang='lat'>125</span> 
     </span>
    </p>
   </div>
   <div class='ocr_carea' id='block_1_2' title="bbox 180 223 1655 945">
    <p class='ocr_par' dir='ltr' id='par_1_2' title="bbox 180 223 1655 945">
     <span class='ocr_line' id='line_1_2' title="bbox 180 223 1299 278; baseline 0.007 -19"><span class='ocrx_word' id='word_1_4' title='bbox 180 227 251 259; x_wconf 81' lang='lat'>925</span> <span class='ocrx_word' id='word_1_5' title='bbox 306 227 540 277; x_wconf 70' lang='lat' dir='ltr'>exuperant</span> <span class='ocrx_word' id='word_1_6' title='bbox 558 223 694 278; x_wconf 89' lang='lat' dir='ltr'>pretio</span> <span class='ocrx_word' id='word_1_7' title='bbox 713 237 956 266; x_wconf 91' lang='lat' dir='ltr'>numerosos</span> <span class='ocrx_word' id='word_1_8' title='bbox 975 226 1081 266; x_wconf 87' lang='lat' dir='ltr'>aeris</span> <span class='ocrx_word' id='word_1_9' title='bbox 1101 239 1271 267; x_wconf 86' lang='lat' dir='ltr'>aceruos</span> <span class='ocrx_word' id='word_1_10' title='bbox 1290 241 1299 275; x_wconf 83' lang='lat'><em>3</em></span> 
     </span>
     <span class='ocr_line' id='line_1_3' title="bbox 306 295 1456 354; baseline 0.003 -18"><span class='ocrx_word' id='word_1_11' title='bbox 306 295 363 337; x_wconf 91' lang='lat' dir='ltr'>sic</span> <span class='ocrx_word' id='word_1_12' title='bbox 383 295 570 347; x_wconf 83' lang='lat' dir='ltr'>adamas,</span> <span class='ocrx_word' id='word_1_13' title='bbox 590 302 798 352; x_wconf 88' lang='lat' dir='ltr'>punctum</span> <span class='ocrx_word' id='word_1_14' title='bbox 817 297 982 353; x_wconf 80' lang='lat' dir='ltr'>lapidis,</span> <span class='ocrx_word' id='word_1_15' title='bbox 1002 299 1222 354; x_wconf 71' lang='lat' dir='ltr'>pretiosior</span> <span class='ocrx_word' id='word_1_16' title='bbox 1242 313 1345 340; x_wconf 85' lang='lat' dir='ltr'>auro</span> <span class='ocrx_word' id='word_1_17' title='bbox 1365 304 1429 340; x_wconf 90' lang='lat' dir='ltr'>est</span> <span class='ocrx_word' id='word_1_18' title='bbox 1447 313 1456 349; x_wconf 84' lang='lat'><em>3</em></span> 
     </span>
     <span class='ocr_line' id='line_1_4' title="bbox 305 370 1288 427; baseline 0.004 -17"><span class='ocrx_word' id='word_1_19' title='bbox 305 370 483 424; x_wconf 84' lang='lat' dir='ltr'>paruula</span> <span class='ocrx_word' id='word_1_20' title='bbox 501 370 560 412; x_wconf 90' lang='lat' dir='ltr'>sic</span> <span class='ocrx_word' id='word_1_21' title='bbox 579 375 720 413; x_wconf 89' lang='lat' dir='ltr'>totum</span> <span class='ocrx_word' id='word_1_22' title='bbox 739 372 915 426; x_wconf 89' lang='lat' dir='ltr'>peruisit</span> <span class='ocrx_word' id='word_1_23' title='bbox 932 372 1093 427; x_wconf 87' lang='lat' dir='ltr'>pupula</span> <span class='ocrx_word' id='word_1_24' title='bbox 1111 372 1288 423; x_wconf 86' lang='lat' dir='ltr'>caelum,</span> 
     </span>
     <span class='ocr_line' id='line_1_5' title="bbox 305 444 1655 498; baseline 0.003 -14"><span class='ocrx_word' id='word_1_25' title='bbox 305 457 473 498; x_wconf 90' lang='lat' dir='ltr'>quoque</span> <span class='ocrx_word' id='word_1_26' title='bbox 492 444 640 486; x_wconf 90' lang='lat' dir='ltr'>uident</span> <span class='ocrx_word' id='word_1_27' title='bbox 660 445 768 487; x_wconf 89' lang='lat' dir='ltr'>oculi</span> <span class='ocrx_word' id='word_1_28' title='bbox 787 446 1009 488; x_wconf 87' lang='lat' dir='ltr'>minimum</span> <span class='ocrx_word' id='word_1_29' title='bbox 1030 451 1107 496; x_wconf 87' lang='lat' dir='ltr'>est,</span> <span class='ocrx_word' id='word_1_30' title='bbox 1127 461 1225 488; x_wconf 91' lang='lat' dir='ltr'>cum</span> <span class='ocrx_word' id='word_1_31' title='bbox 1244 446 1432 488; x_wconf 82' lang='lat' dir='ltr'>maxima</span> <span class='ocrx_word' id='word_1_32' title='bbox 1451 452 1628 489; x_wconf 81' lang='lat' dir='ltr'>cernant</span> <span class='ocrx_word' id='word_1_33' title='bbox 1645 461 1655 497; x_wconf 91' lang='lat'>;</span> 
     </span>
     <span class='ocr_line' id='line_1_6' title="bbox 305 517 1187 562; baseline 0.005 -4"><span class='ocrx_word' id='word_1_34' title='bbox 305 517 362 559; x_wconf 89' lang='lat' dir='ltr'>sic</span> <span class='ocrx_word' id='word_1_35' title='bbox 382 517 512 559; x_wconf 86' lang='lat' dir='ltr'>animi</span> <span class='ocrx_word' id='word_1_36' title='bbox 532 518 649 560; x_wconf 90' lang='lat' dir='ltr'>sedes</span> <span class='ocrx_word' id='word_1_37' title='bbox 668 519 787 561; x_wconf 89' lang='lat' dir='ltr'>tenui</span> <span class='ocrx_word' id='word_1_38' title='bbox 806 520 885 561; x_wconf 90' lang='lat' dir='ltr'>sub</span> <span class='ocrx_word' id='word_1_39' title='bbox 904 520 1029 562; x_wconf 86' lang='lat' dir='ltr'>corde</span> <span class='ocrx_word' id='word_1_40' title='bbox 1048 520 1187 562; x_wconf 84' lang='lat' dir='ltr'>locata</span> 
     </span>
     <span class='ocr_line' id='line_1_7' title="bbox 180 594 1314 650; baseline 0.006 -21"><span class='ocrx_word' id='word_1_41' title='bbox 180 596 248 629; x_wconf 86' lang='grc'>930</span> <span class='ocrx_word' id='word_1_42' title='bbox 303 605 378 646; x_wconf 90' lang='lat' dir='ltr'>per</span> <span class='ocrx_word' id='word_1_43' title='bbox 398 596 539 633; x_wconf 88' lang='lat' dir='ltr'>totum</span> <span class='ocrx_word' id='word_1_44' title='bbox 559 598 740 648; x_wconf 84' lang='lat' dir='ltr'>angusto</span> <span class='ocrx_word' id='word_1_45' title='bbox 758 599 907 648; x_wconf 85' lang='lat' dir='ltr'>regnat</span> <span class='ocrx_word' id='word_1_46' title='bbox 926 594 979 635; x_wconf 90' lang='lat' dir='ltr'>de</span> <span class='ocrx_word' id='word_1_47' title='bbox 997 594 1131 636; x_wconf 89' lang='lat' dir='ltr'>limite</span> <span class='ocrx_word' id='word_1_48' title='bbox 1150 609 1314 650; x_wconf 89' lang='lat' dir='ltr'>corpus.</span> 
     </span>
     <span class='ocr_line' id='line_1_8' title="bbox 304 666 1400 724; baseline 0.005 -19"><span class='ocrx_word' id='word_1_49' title='bbox 304 666 506 707; x_wconf 84' lang='lat' dir='ltr'>materiae</span> <span class='ocrx_word' id='word_1_50' title='bbox 525 681 577 708; x_wconf 89' lang='lat' dir='ltr'>ne</span> <span class='ocrx_word' id='word_1_51' title='bbox 597 681 750 722; x_wconf 84' lang='lat' dir='ltr'>quaere</span> <span class='ocrx_word' id='word_1_52' title='bbox 770 668 958 718; x_wconf 88' lang='lat' dir='ltr'>modum,</span> <span class='ocrx_word' id='word_1_53' title='bbox 979 668 1052 710; x_wconf 88' lang='lat' dir='ltr'>sed</span> <span class='ocrx_word' id='word_1_54' title='bbox 1071 669 1258 724; x_wconf 83' lang='lat' dir='ltr'>perspice</span> <span class='ocrx_word' id='word_1_55' title='bbox 1277 669 1400 719; x_wconf 87' lang='lat' dir='ltr'>uires,</span> 
     </span>
     <span class='ocr_line' id='line_1_9' title="bbox 304 740 1507 796; baseline 0.003 -16"><span class='ocrx_word' id='word_1_56' title='bbox 304 753 410 794; x_wconf 84' lang='lat' dir='ltr'>quas</span> <span class='ocrx_word' id='word_1_57' title='bbox 429 740 551 790; x_wconf 85' lang='lat' dir='ltr'>ratio,</span> <span class='ocrx_word' id='word_1_58' title='bbox 573 755 658 782; x_wconf 89' lang='lat' dir='ltr'>non</span> <span class='ocrx_word' id='word_1_59' title='bbox 677 741 856 796; x_wconf 90' lang='lat' dir='ltr'>pondus,</span> <span class='ocrx_word' id='word_1_60' title='bbox 877 741 1008 783; x_wconf 85' lang='lat' dir='ltr'>habet</span> <span class='ocrx_word' id='word_1_61' title='bbox 1027 757 1035 783; x_wconf 91' lang='lat'>:</span> <span class='ocrx_word' id='word_1_62' title='bbox 1072 742 1180 784; x_wconf 83' lang='lat' dir='ltr'>ratio</span> <span class='ocrx_word' id='word_1_63' title='bbox 1201 743 1342 784; x_wconf 85' lang='lat' dir='ltr'>omnia</span> <span class='ocrx_word' id='word_1_64' title='bbox 1360 742 1507 785; x_wconf 89' lang='lat' dir='ltr'>uincit.</span> 
     </span>
     <span class='ocr_line' id='line_1_10' title="bbox 304 813 1241 867; baseline 0.004 -13"><span class='ocrx_word' id='word_1_65' title='bbox 304 827 356 854; x_wconf 91' lang='lat' dir='ltr'>ne</span> <span class='ocrx_word' id='word_1_66' title='bbox 376 813 544 855; x_wconf 91' lang='lat' dir='ltr'>dubites</span> <span class='ocrx_word' id='word_1_67' title='bbox 563 814 723 856; x_wconf 91' lang='lat' dir='ltr'>homini</span> <span class='ocrx_word' id='word_1_68' title='bbox 743 816 908 857; x_wconf 90' lang='lat' dir='ltr'>diuinos</span> <span class='ocrx_word' id='word_1_69' title='bbox 927 817 1093 858; x_wconf 87' lang='lat' dir='ltr'>credere</span> <span class='ocrx_word' id='word_1_70' title='bbox 1112 816 1241 867; x_wconf 89' lang='lat' dir='ltr'>uisus,</span> 
     </span>
     <span class='ocr_line' id='line_1_11' title="bbox 304 887 1399 945; baseline 0.004 -17"><span class='ocrx_word' id='word_1_71' title='bbox 304 887 389 928; x_wconf 84' lang='lat' dir='ltr'>iam</span> <span class='ocrx_word' id='word_1_72' title='bbox 409 887 513 930; x_wconf 79' lang='lat' dir='ltr'>facit</span> <span class='ocrx_word' id='word_1_73' title='bbox 532 889 620 943; x_wconf 90' lang='lat' dir='ltr'>ipse</span> <span class='ocrx_word' id='word_1_74' title='bbox 641 889 740 931; x_wconf 88' lang='lat' dir='ltr'>deos</span> <span class='ocrx_word' id='word_1_75' title='bbox 760 890 979 945; x_wconf 88' lang='lat' dir='ltr'>mittitque</span> <span class='ocrx_word' id='word_1_76' title='bbox 999 890 1054 931; x_wconf 86' lang='lat' dir='ltr'>ad</span> <span class='ocrx_word' id='word_1_77' title='bbox 1073 891 1210 932; x_wconf 83' lang='lat' dir='ltr'>sidera</span> <span class='ocrx_word' id='word_1_78' title='bbox 1229 905 1399 941; x_wconf 89' lang='lat' dir='ltr'>numen,</span> 
     </span>
    </p>
   </div>
   <div class='ocr_carea' id='block_1_3' title="bbox 132 1023 1678 2867">
    <p class='ocr_par' dir='ltr' id='par_1_3' title="bbox 132 1023 1678 2867">
     <span class='ocr_line' id='line_1_12' title="bbox 139 1023 1675 1067; baseline 0.004 -15"><span class='ocrx_word' id='word_1_79' title='bbox 139 1031 280 1053; x_wconf 77' lang='lat' dir='ltr'>munera</span> <span class='ocrx_word' id='word_1_80' title='bbox 303 1032 374 1053; x_wconf 89' lang='lat' dir='ltr'>non</span> <span class='ocrx_word' id='word_1_81' title='bbox 398 1023 513 1054; x_wconf 88' lang='lat' dir='ltr'>minus</span> <span class='ocrx_word' id='word_1_82' title='bbox 538 1023 718 1055; x_wconf 90' lang='lat' dir='ltr'>commode</span> <span class='ocrx_word' id='word_1_83' title='bbox 739 1034 852 1064; x_wconf 77' lang='lat' dir='ltr'>parua</span> <span class='ocrx_word' id='word_1_84' title='bbox 876 1034 983 1065; x_wconf 89' lang='lat' dir='ltr'>quam</span> <span class='ocrx_word' id='word_1_85' title='bbox 1001 1025 1113 1065; x_wconf 73' lang='lat' dir='ltr'>exiqui</span> <span class='ocrx_word' id='word_1_86' title='bbox 1136 1026 1253 1057; x_wconf 84' lang='lat' dir='ltr'>omitti</span> <span class='ocrx_word' id='word_1_87' title='bbox 1277 1026 1432 1067; x_wconf 89' lang='lat' dir='ltr'>potuisse</span> <span class='ocrx_word' id='word_1_88' title='bbox 1522 1026 1585 1057; x_wconf 83' lang='lat'>925</span> <span class='ocrx_word' id='word_1_89' title='bbox 1609 1026 1675 1058; x_wconf 89' lang='lat' dir='ltr'>hoc</span> 
     </span>
     <span class='ocr_line' id='line_1_13' title="bbox 139 1074 1675 1119; baseline 0.005 -16"><span class='ocrx_word' id='word_1_90' title='bbox 139 1082 211 1113; x_wconf 88' lang='lat' dir='ltr'>qua</span> <span class='ocrx_word' id='word_1_91' title='bbox 231 1074 434 1115; x_wconf 77' lang='lat' dir='ltr'>exceptione</span> <span class='ocrx_word' id='word_1_92' title='bbox 455 1084 577 1105; x_wconf 87' lang='lat' dir='ltr'>uerum</span> <span class='ocrx_word' id='word_1_93' title='bbox 602 1075 648 1106; x_wconf 84' lang='lat' dir='ltr'>sit</span> <span class='ocrx_word' id='word_1_94' title='bbox 668 1075 858 1116; x_wconf 86' lang='lat' dir='ltr'>prudenter</span> <span class='ocrx_word' id='word_1_95' title='bbox 883 1075 1049 1107; x_wconf 82' lang='lat' dir='ltr'>admonet</span> <span class='ocrx_word' id='word_1_96' title='bbox 1075 1076 1333 1118; x_wconf 87' lang='lat' dir='ltr'>Theophrastus</span> <span class='ocrx_word' id='word_1_97' title='bbox 1354 1087 1408 1119; x_wconf 87' lang='lat' dir='ltr'>ap.</span> <span class='ocrx_word' id='word_1_98' title='bbox 1433 1077 1517 1110; x_wconf 84' lang='lat' dir='ltr'>Gell.</span> <span class='ocrx_word' id='word_1_99' title='bbox 1541 1087 1555 1109; x_wconf 95' lang='lat'>1</span> <span class='ocrx_word' id='word_1_100' title='bbox 1576 1079 1596 1111; x_wconf 89' lang='lat'><strong>3</strong></span> <span class='ocrx_word' id='word_1_101' title='bbox 1620 1079 1675 1117; x_wconf 84' lang='lat'>26,</span> 
     </span>
     <span class='ocr_line' id='line_1_14' title="bbox 140 1126 1676 1170; baseline 0.005 -15"><span class='ocrx_word' id='word_1_102' title='bbox 140 1126 205 1161; x_wconf 85' lang='grc' dir='ltr'>οὐκ,</span> <span class='ocrx_word' id='word_1_103' title='bbox 223 1127 251 1155; x_wconf 86' lang='grc' dir='ltr'>εἰ</span> <span class='ocrx_word' id='word_1_104' title='bbox 265 1127 397 1165; x_wconf 82' lang='grc' dir='ltr'>χρυσίον</span> <span class='ocrx_word' id='word_1_105' title='bbox 422 1128 605 1167; x_wconf 81' lang='grc' dir='ltr'>τιμιώτερον</span> <span class='ocrx_word' id='word_1_106' title='bbox 630 1129 764 1166; x_wconf 80' lang='grc' dir='ltr'>χαλκοῦ,</span> <span class='ocrx_word' id='word_1_107' title='bbox 783 1129 834 1158; x_wconf 79' lang='grc' dir='ltr'>καὶ</span> <span class='ocrx_word' id='word_1_108' title='bbox 858 1130 987 1166; x_wconf 79' lang='grc' dir='ltr'>τηλίκου</span> <span class='ocrx_word' id='word_1_109' title='bbox 1010 1130 1065 1159; x_wconf 86' lang='grc' dir='ltr'>τοῦ</span> <span class='ocrx_word' id='word_1_110' title='bbox 1090 1130 1222 1169; x_wconf 87' lang='grc' dir='ltr'>χρυσίου</span> <span class='ocrx_word' id='word_1_111' title='bbox 1247 1130 1329 1170; x_wconf 87' lang='grc' dir='ltr'>πρὸσ</span> <span class='ocrx_word' id='word_1_112' title='bbox 1345 1131 1382 1161; x_wconf 84' lang='grc' dir='ltr'>τὸ</span> <span class='ocrx_word' id='word_1_113' title='bbox 1402 1131 1531 1168; x_wconf 85' lang='grc' dir='ltr'>τηλίκον</span> <span class='ocrx_word' id='word_1_114' title='bbox 1552 1133 1676 1170; x_wconf 84' lang='grc' dir='ltr'>χαλκοῦ</span> 
     </span>
     <span class='ocr_line' id='line_1_15' title="bbox 139 1177 1676 1221; baseline 0.004 -14"><span class='ocrx_word' id='word_1_115' title='bbox 139 1177 279 1215; x_wconf 75' lang='grc' dir='ltr'>μέγεθοσ</span> <span class='ocrx_word' id='word_1_116' title='bbox 294 1178 655 1218; x_wconf 82' lang='grc' dir='ltr'>ἀντιπαραβαλλόμενον</span> <span class='ocrx_word' id='word_1_117' title='bbox 682 1179 784 1210; x_wconf 83' lang='grc' dir='ltr'>πλέον</span> <span class='ocrx_word' id='word_1_118' title='bbox 807 1180 899 1217; x_wconf 81' lang='grc' dir='ltr'>δόξει·</span> <span class='ocrx_word' id='word_1_119' title='bbox 945 1181 1030 1210; x_wconf 80' lang='grc' dir='ltr'>ἀλλὰ</span> <span class='ocrx_word' id='word_1_120' title='bbox 1054 1181 1178 1218; x_wconf 84' lang='grc' dir='ltr'>ποιήσει</span> <span class='ocrx_word' id='word_1_121' title='bbox 1204 1181 1274 1211; x_wconf 80' lang='grc' dir='ltr'>τινὰ</span> <span class='ocrx_word' id='word_1_122' title='bbox 1295 1182 1397 1221; x_wconf 82' lang='grc' dir='ltr'>ῥοπὴν</span> <span class='ocrx_word' id='word_1_123' title='bbox 1419 1183 1472 1212; x_wconf 80' lang='grc' dir='ltr'>καὶ</span> <span class='ocrx_word' id='word_1_124' title='bbox 1487 1183 1523 1213; x_wconf 86' lang='grc' dir='ltr'>τὸ</span> <span class='ocrx_word' id='word_1_125' title='bbox 1546 1184 1676 1221; x_wconf 81' lang='grc' dir='ltr'>πλῆθοσ-</span> 
     </span>
     <span class='ocr_line' id='line_1_16' title="bbox 141 1228 1678 1271; baseline 0.004 -13"><span class='ocrx_word' id='word_1_126' title='bbox 141 1228 194 1257; x_wconf 79' lang='grc' dir='ltr'>καὶ</span> <span class='ocrx_word' id='word_1_127' title='bbox 225 1229 262 1259; x_wconf 88' lang='grc' dir='ltr'>τὸ</span> <span class='ocrx_word' id='word_1_128' title='bbox 290 1229 442 1268; x_wconf 67' lang='grc' dir='ltr'>μέγεθοσ,</span> <span class='ocrx_word' id='word_1_129' title='bbox 470 1230 511 1260; x_wconf 93' lang='lat' dir='ltr'>ut</span> <span class='ocrx_word' id='word_1_130' title='bbox 538 1238 601 1260; x_wconf 90' lang='lat' dir='ltr'>suo</span> <span class='ocrx_word' id='word_1_131' title='bbox 633 1229 706 1260; x_wconf 87' lang='lat' dir='ltr'>iure</span> <span class='ocrx_word' id='word_1_132' title='bbox 735 1229 864 1261; x_wconf 85' lang='lat' dir='ltr'>Gellius</span> <span class='ocrx_word' id='word_1_133' title='bbox 892 1229 976 1262; x_wconf 87' lang='lat' dir='ltr'>haec</span> <span class='ocrx_word' id='word_1_134' title='bbox 1004 1230 1160 1271; x_wconf 81' lang='lat' dir='ltr'>proferat</span> <span class='ocrx_word' id='word_1_135' title='bbox 1191 1231 1388 1264; x_wconf 80' lang='lat' dir='ltr'>Manilianis</span> <span class='ocrx_word' id='word_1_136' title='bbox 1415 1233 1600 1271; x_wconf 88' lang='lat' dir='ltr'>contraria,</span> <span class='ocrx_word' id='word_1_137' title='bbox 1630 1235 1678 1264; x_wconf 77' lang='lat' dir='ltr'>est</span> 
     </span>
     <span class='ocr_line' id='line_1_17' title="bbox 138 1281 1677 1324; baseline 0.005 -12"><span class='ocrx_word' id='word_1_138' title='bbox 138 1290 298 1320; x_wconf 67' lang='lat' dir='ltr'>‘maynum</span> <span class='ocrx_word' id='word_1_139' title='bbox 317 1281 452 1322; x_wconf 76' lang='lat' dir='ltr'>pondus</span> <span class='ocrx_word' id='word_1_140' title='bbox 474 1282 563 1313; x_wconf 77' lang='lat' dir='ltr'>aeris</span> <span class='ocrx_word' id='word_1_141' title='bbox 582 1292 695 1322; x_wconf 80' lang='lat' dir='ltr'>parua</span> <span class='ocrx_word' id='word_1_142' title='bbox 717 1282 832 1314; x_wconf 77' lang='lat' dir='ltr'>lamna</span> <span class='ocrx_word' id='word_1_143' title='bbox 857 1283 935 1315; x_wconf 89' lang='lat' dir='ltr'>auri</span> <span class='ocrx_word' id='word_1_144' title='bbox 954 1284 1135 1324; x_wconf 73' lang='lat' dir='ltr'>pretiosius</span> <span class='ocrx_word' id='word_1_145' title='bbox 1224 1284 1287 1316; x_wconf 81' lang='grc'><strong>927</strong></span> <span class='ocrx_word' id='word_1_146' title='bbox 1310 1285 1372 1316; x_wconf 88' lang='grc'>928</span> <span class='ocrx_word' id='word_1_147' title='bbox 1396 1285 1499 1318; x_wconf 85' lang='lat' dir='ltr'>Macr.</span> <span class='ocrx_word' id='word_1_148' title='bbox 1525 1286 1596 1319; x_wconf 87' lang='lat' dir='ltr'>Sat.</span> <span class='ocrx_word' id='word_1_149' title='bbox 1622 1295 1677 1319; x_wconf 82' lang='lat' dir='ltr'>VII</span> 
     </span>
     <span class='ocr_line' id='line_1_18' title="bbox 142 1332 1676 1376; baseline 0.005 -13"><span class='ocrx_word' id='word_1_150' title='bbox 142 1333 183 1363; x_wconf 86' lang='lat'>14</span> <span class='ocrx_word' id='word_1_151' title='bbox 212 1333 249 1363; x_wconf 93' lang='grc'>11</span> <span class='ocrx_word' id='word_1_152' title='bbox 280 1332 443 1372; x_wconf 71' lang='lat' dir='ltr'>imaqines</span> <span class='ocrx_word' id='word_1_153' title='bbox 469 1333 553 1365; x_wconf 83' lang='lat' dir='ltr'>caeli</span> <span class='ocrx_word' id='word_1_154' title='bbox 579 1334 684 1365; x_wconf 74' lang='lat' dir='ltr'>maris</span> <span class='ocrx_word' id='word_1_155' title='bbox 710 1333 817 1365; x_wconf 79' lang='lat' dir='ltr'>litoris</span> <span class='ocrx_word' id='word_1_156' title='bbox 841 1335 934 1375; x_wconf 80' lang='lat' dir='ltr'>prati</span> <span class='ocrx_word' id='word_1_157' title='bbox 961 1335 1104 1367; x_wconf 79' lang='lat' dir='ltr'>nauium</span> <span class='ocrx_word' id='word_1_158' title='bbox 1128 1336 1294 1376; x_wconf 75' lang='lat' dir='ltr'>pecudum</span> <span class='ocrx_word' id='word_1_159' title='bbox 1321 1339 1350 1367; x_wconf 77' lang='lat' dir='ltr'>et</span> <span class='ocrx_word' id='word_1_160' title='bbox 1377 1337 1676 1371; x_wconf 76' lang='lat' dir='ltr'>innumerabilium</span> 
     </span>
     <span class='ocr_line' id='line_1_19' title="bbox 136 1384 1676 1429; baseline 0.005 -16"><span class='ocrx_word' id='word_1_161' title='bbox 136 1385 306 1423; x_wconf 77' lang='lat' dir='ltr'>praeterea</span> <span class='ocrx_word' id='word_1_162' title='bbox 328 1393 448 1421; x_wconf 83' lang='lat' dir='ltr'>rerum,</span> <span class='ocrx_word' id='word_1_163' title='bbox 473 1394 556 1423; x_wconf 72' lang='lat' dir='ltr'>qua-3</span> <span class='ocrx_word' id='word_1_164' title='bbox 578 1395 645 1415; x_wconf 75' lang='lat' dir='ltr'>urm</span> <span class='ocrx_word' id='word_1_165' title='bbox 668 1384 837 1416; x_wconf 83' lang='lat' dir='ltr'>oculorum</span> <span class='ocrx_word' id='word_1_166' title='bbox 859 1385 949 1417; x_wconf 81' lang='lat' dir='ltr'>iactu</span> <span class='ocrx_word' id='word_1_167' title='bbox 971 1385 1135 1424; x_wconf 81' lang='lat' dir='ltr'>uidemus,</span> <span class='ocrx_word' id='word_1_168' title='bbox 1160 1396 1236 1418; x_wconf 83' lang='lat' dir='ltr'>cum</span> <span class='ocrx_word' id='word_1_169' title='bbox 1257 1386 1301 1418; x_wconf 79' lang='lat' dir='ltr'>sit</span> <span class='ocrx_word' id='word_1_170' title='bbox 1320 1388 1466 1428; x_wconf 74' lang='lat' dir='ltr'>pupula,</span> <span class='ocrx_word' id='word_1_171' title='bbox 1489 1399 1573 1429; x_wconf 77' lang='lat' dir='ltr'>quae</span> <span class='ocrx_word' id='word_1_172' title='bbox 1594 1390 1676 1422; x_wconf 75' lang='lat' dir='ltr'>uisu</span> 
     </span>
     <span class='ocr_line' id='line_1_20' title="bbox 135 1433 1677 1477; baseline 0.006 -13"><span class='ocrx_word' id='word_1_173' title='bbox 135 1433 247 1474; x_wconf 82' lang='lat' dir='ltr'>pollet,</span> <span class='ocrx_word' id='word_1_174' title='bbox 274 1434 399 1474; x_wconf 77' lang='lat' dir='ltr'>oppido</span> <span class='ocrx_word' id='word_1_175' title='bbox 422 1444 546 1475; x_wconf 79' lang='lat' dir='ltr'>parua,</span> <span class='ocrx_word' id='word_1_176' title='bbox 576 1436 616 1468; x_wconf 86' lang='lat'>13</span> <span class='ocrx_word' id='word_1_177' title='bbox 640 1446 701 1475; x_wconf 78' lang='lat' dir='ltr'>per</span> <span class='ocrx_word' id='word_1_178' title='bbox 727 1436 993 1468; x_wconf 72' lang='lat' dir='ltr'>minutissimum</span> <span class='ocrx_word' id='word_1_179' title='bbox 1013 1436 1168 1477; x_wconf 77' lang='lat' dir='ltr'>foramen</span> <span class='ocrx_word' id='word_1_180' title='bbox 1193 1438 1418 1475; x_wconf 70' lang='lat' dir='ltr'>contemplans</span> <span class='ocrx_word' id='word_1_181' title='bbox 1444 1440 1559 1472; x_wconf 77' lang='lat' dir='ltr'>oculus</span> <span class='ocrx_word' id='word_1_182' title='bbox 1584 1441 1677 1473; x_wconf 87' lang='lat' dir='ltr'>uidet</span> 
     </span>
     <span class='ocr_line' id='line_1_21' title="bbox 139 1485 1674 1532; baseline 0.005 -16"><span class='ocrx_word' id='word_1_183' title='bbox 139 1485 223 1517; x_wconf 82' lang='lat' dir='ltr'>caeli</span> <span class='ocrx_word' id='word_1_184' title='bbox 253 1485 517 1527; x_wconf 74' lang='lat' dir='ltr'>profunditatem</span> <span class='ocrx_word' id='word_1_185' title='bbox 611 1486 673 1518; x_wconf 80' lang='lat'>927</span> <span class='ocrx_word' id='word_1_186' title='bbox 708 1487 773 1518; x_wconf 89' lang='lat' dir='ltr'>hoc</span> <span class='ocrx_word' id='word_1_187' title='bbox 808 1487 959 1528; x_wconf 75' lang='lat' dir='ltr'>paruula</span> <span class='ocrx_word' id='word_1_188' title='bbox 996 1491 1033 1519; x_wconf 88' lang='lat' dir='ltr'>et</span> <span class='ocrx_word' id='word_1_189' title='bbox 1071 1488 1165 1529; x_wconf 86' lang='lat' dir='ltr'>quod</span> <span class='ocrx_word' id='word_1_190' title='bbox 1198 1497 1222 1520; x_wconf 89' lang='lat' dir='ltr'><strong>V</strong></span> <span class='ocrx_word' id='word_1_191' title='bbox 1256 1490 1320 1522; x_wconf 87' lang='grc'>592</span> <span class='ocrx_word' id='word_1_192' title='bbox 1354 1490 1479 1531; x_wconf 81' lang='lat' dir='ltr'>legitur</span> <span class='ocrx_word' id='word_1_193' title='bbox 1511 1492 1674 1532; x_wconf 79' lang='lat' dir='ltr'>quantula</span> 
     </span>
     <span class='ocr_line' id='line_1_22' title="bbox 139 1536 1675 1578; baseline 0.005 -11"><span class='ocrx_word' id='word_1_194' title='bbox 139 1536 212 1567; x_wconf 88' lang='lat' dir='ltr'>sola</span> <span class='ocrx_word' id='word_1_195' title='bbox 255 1537 350 1578; x_wconf 89' lang='lat' dir='ltr'>apud</span> <span class='ocrx_word' id='word_1_196' title='bbox 392 1536 574 1569; x_wconf 80' lang='lat' dir='ltr'>Manilium</span> <span class='ocrx_word' id='word_1_197' title='bbox 612 1541 737 1570; x_wconf 80' lang='lat' dir='ltr'>extant</span> <span class='ocrx_word' id='word_1_198' title='bbox 777 1538 1014 1570; x_wconf 85' lang='lat' dir='ltr'>deminutiuae</span> <span class='ocrx_word' id='word_1_199' title='bbox 1051 1539 1183 1571; x_wconf 84' lang='lat' dir='ltr'>formae</span> <span class='ocrx_word' id='word_1_200' title='bbox 1220 1540 1402 1573; x_wconf 85' lang='lat' dir='ltr'>adiectiua.</span> <span class='ocrx_word' id='word_1_201' title='bbox 1450 1542 1675 1576; x_wconf 87' lang='lat' dir='ltr'>substantiua</span> 
     </span>
     <span class='ocr_line' id='line_1_23' title="bbox 139 1587 1673 1636; baseline 0.006 -18"><span class='ocrx_word' id='word_1_202' title='bbox 139 1587 239 1629; x_wconf 89' lang='lat' dir='ltr'>plura</span> <span class='ocrx_word' id='word_1_203' title='bbox 274 1591 367 1626; x_wconf 86' lang='lat' dir='ltr'>sunt,</span> <span class='ocrx_word' id='word_1_204' title='bbox 393 1588 566 1626; x_wconf 75' lang='lat' dir='ltr'>articulus,</span> <span class='ocrx_word' id='word_1_205' title='bbox 600 1589 738 1629; x_wconf 82' lang='lat' dir='ltr'>capella,</span> <span class='ocrx_word' id='word_1_206' title='bbox 773 1589 930 1628; x_wconf 78' lang='lat' dir='ltr'>circulus,</span> <span class='ocrx_word' id='word_1_207' title='bbox 965 1590 1115 1631; x_wconf 77' lang='lat' dir='ltr'>lapillus,</span> <span class='ocrx_word' id='word_1_208' title='bbox 1149 1591 1314 1630; x_wconf 73' lang='lat' dir='ltr'>modulus,</span> <span class='ocrx_word' id='word_1_209' title='bbox 1353 1593 1512 1632; x_wconf 77' lang='lat' dir='ltr'>osculum,</span> <span class='ocrx_word' id='word_1_210' title='bbox 1546 1595 1673 1636; x_wconf 78' lang='lat' dir='ltr'>puella,</span> 
     </span>
     <span class='ocr_line' id='line_1_24' title="bbox 138 1638 1672 1687; baseline 0.006 -17"><span class='ocrx_word' id='word_1_211' title='bbox 138 1638 318 1679; x_wconf 76' lang='lat' dir='ltr'>spiculum,</span> <span class='ocrx_word' id='word_1_212' title='bbox 345 1639 490 1679; x_wconf 65' lang='lat' dir='ltr'>nimum,</span> <span class='ocrx_word' id='word_1_213' title='bbox 518 1650 607 1680; x_wconf 89' lang='lat' dir='ltr'>quae</span> <span class='ocrx_word' id='word_1_214' title='bbox 629 1641 805 1681; x_wconf 82' lang='lat' dir='ltr'>pleraque,</span> <span class='ocrx_word' id='word_1_215' title='bbox 831 1641 933 1673; x_wconf 69' lang='lat' dir='ltr'>sicut*</span> <span class='ocrx_word' id='word_1_216' title='bbox 940 1642 1085 1682; x_wconf 77' lang='lat' dir='ltr'>pupula,</span> <span class='ocrx_word' id='word_1_217' title='bbox 1111 1642 1365 1675; x_wconf 88' lang='lat' dir='ltr'>deminutiuam</span> <span class='ocrx_word' id='word_1_218' title='bbox 1387 1645 1672 1687; x_wconf 82' lang='lat' dir='ltr'>significationem</span> 
     </span>
     <span class='ocr_line' id='line_1_25' title="bbox 138 1690 1671 1739; baseline 0.006 -18"><span class='ocrx_word' id='word_1_219' title='bbox 138 1690 372 1732; x_wconf 86' lang='lat' dir='ltr'>deposuerunt</span> <span class='ocrx_word' id='word_1_220' title='bbox 404 1694 441 1723; x_wconf 90' lang='lat' dir='ltr'>et</span> <span class='ocrx_word' id='word_1_221' title='bbox 472 1691 653 1723; x_wconf 87' lang='lat' dir='ltr'>intellectu</span> <span class='ocrx_word' id='word_1_222' title='bbox 694 1692 901 1734; x_wconf 78' lang='lat' dir='ltr'>principalia</span> <span class='ocrx_word' id='word_1_223' title='bbox 935 1693 1033 1725; x_wconf 75' lang='lat' dir='ltr'>faeta</span> <span class='ocrx_word' id='word_1_224' title='bbox 1070 1697 1163 1732; x_wconf 87' lang='lat' dir='ltr'>sunt,</span> <span class='ocrx_word' id='word_1_225' title='bbox 1198 1698 1239 1726; x_wconf 91' lang='lat' dir='ltr'>ut</span> <span class='ocrx_word' id='word_1_226' title='bbox 1271 1705 1315 1726; x_wconf 92' lang='lat' dir='ltr'>ne</span> <span class='ocrx_word' id='word_1_227' title='bbox 1348 1696 1496 1738; x_wconf 83' lang='lat' dir='ltr'>Vergilio</span> <span class='ocrx_word' id='word_1_228' title='bbox 1530 1698 1671 1739; x_wconf 88' lang='lat' dir='ltr'>quidem</span> 
     </span>
     <span class='ocr_line' id='line_1_26' title="bbox 139 1741 1673 1790; baseline 0.006 -18"><span class='ocrx_word' id='word_1_229' title='bbox 139 1741 378 1783; x_wconf 79' lang='lat' dir='ltr'>displicuerint</span> <span class='ocrx_word' id='word_1_230' title='bbox 469 1742 531 1773; x_wconf 88' lang='grc'>928</span> <span class='ocrx_word' id='word_1_231' title='bbox 551 1742 617 1774; x_wconf 90' lang='lat' dir='ltr'>Cic.</span> <span class='ocrx_word' id='word_1_232' title='bbox 637 1742 707 1774; x_wconf 92' lang='lat' dir='ltr'>n.d.</span> <span class='ocrx_word' id='word_1_233' title='bbox 728 1752 756 1774; x_wconf 89' lang='lat'>11</span> <span class='ocrx_word' id='word_1_234' title='bbox 777 1744 839 1774; x_wconf 83' lang='lat'>142</span> <span class='ocrx_word' id='word_1_235' title='bbox 857 1743 1006 1784; x_wconf 75' lang='lat' dir='ltr'>aciesque</span> <span class='ocrx_word' id='word_1_236' title='bbox 1025 1744 1112 1784; x_wconf 70' lang='lat' dir='ltr'>ipsa,</span> <span class='ocrx_word' id='word_1_237' title='bbox 1129 1755 1202 1785; x_wconf 86' lang='lat' dir='ltr'>qua</span> <span class='ocrx_word' id='word_1_238' title='bbox 1219 1746 1421 1784; x_wconf 73' lang='lat' dir='ltr'>ceruimus,</span> <span class='ocrx_word' id='word_1_239' title='bbox 1438 1757 1522 1788; x_wconf 81' lang='lat' dir='ltr'>quae</span> <span class='ocrx_word' id='word_1_240' title='bbox 1537 1749 1673 1790; x_wconf 77' lang='lat' dir='ltr'>pupula</span> 
     </span>
     <span class='ocr_line' id='line_1_27' title="bbox 137 1793 1673 1843; baseline 0.005 -19"><span class='ocrx_word' id='word_1_241' title='bbox 137 1796 285 1831; x_wconf 83' lang='lat' dir='ltr'>uocatur,</span> <span class='ocrx_word' id='word_1_242' title='bbox 309 1793 358 1824; x_wconf 81' lang='lat' dir='ltr'>ita</span> <span class='ocrx_word' id='word_1_243' title='bbox 376 1803 489 1833; x_wconf 78' lang='lat' dir='ltr'>parua</span> <span class='ocrx_word' id='word_1_244' title='bbox 512 1796 557 1824; x_wconf 76' lang='lat' dir='ltr'>est</span> <span class='ocrx_word' id='word_1_245' title='bbox 578 1796 615 1825; x_wconf 85' lang='lat' dir='ltr'>ut</span> <span class='ocrx_word' id='word_1_246' title='bbox 641 1804 689 1831; x_wconf 91' lang='lat' dir='ltr'>ea,</span> <span class='ocrx_word' id='word_1_247' title='bbox 707 1804 790 1834; x_wconf 82' lang='lat' dir='ltr'>quae</span> <span class='ocrx_word' id='word_1_248' title='bbox 812 1804 924 1826; x_wconf 76' lang='lat' dir='ltr'>nocere</span> <span class='ocrx_word' id='word_1_249' title='bbox 944 1795 1085 1835; x_wconf 74' lang='lat' dir='ltr'>possint,</span> <span class='ocrx_word' id='word_1_250' title='bbox 1103 1795 1207 1837; x_wconf 59' lang='lat' dir='ltr'>facile</span> <span class='ocrx_word' id='word_1_251' title='bbox 1228 1797 1310 1829; x_wconf 82' lang='lat' dir='ltr'>uitet</span> <span class='ocrx_word' id='word_1_252' title='bbox 1399 1798 1463 1830; x_wconf 84' lang='lat'>929</span> <span class='ocrx_word' id='word_1_253' title='bbox 1484 1799 1548 1830; x_wconf 88' lang='grc'>930</span> <span class='ocrx_word' id='word_1_254' title='bbox 1569 1799 1673 1843; x_wconf 87' lang='lat' dir='ltr'>Diog.</span> 
     </span>
     <span class='ocr_line' id='line_1_28' title="bbox 137 1843 1668 1893; baseline 0.006 -18"><span class='ocrx_word' id='word_1_255' title='bbox 137 1843 250 1876; x_wconf 85' lang='lat' dir='ltr'>Laert.</span> <span class='ocrx_word' id='word_1_256' title='bbox 270 1853 323 1875; x_wconf 83' lang='lat' dir='ltr'>VII</span> <span class='ocrx_word' id='word_1_257' title='bbox 339 1846 401 1877; x_wconf 87' lang='lat'>159</span> <span class='ocrx_word' id='word_1_258' title='bbox 415 1846 608 1884; x_wconf 78' lang='grc' dir='ltr'>ὴὙημονικὸν</span> <span class='ocrx_word' id='word_1_259' title='bbox 626 1846 653 1877; x_wconf 83' lang='grc' dir='ltr'>δ’</span> <span class='ocrx_word' id='word_1_260' title='bbox 670 1847 749 1877; x_wconf 77' lang='grc' dir='ltr'>εἶναι</span> <span class='ocrx_word' id='word_1_261' title='bbox 766 1848 802 1877; x_wconf 89' lang='grc' dir='ltr'>τὸ</span> <span class='ocrx_word' id='word_1_262' title='bbox 819 1848 1009 1887; x_wconf 84' lang='grc' dir='ltr'>κυριώτατον</span> <span class='ocrx_word' id='word_1_263' title='bbox 1025 1849 1088 1886; x_wconf 87' lang='grc' dir='ltr'>τῆσ</span> <span class='ocrx_word' id='word_1_264' title='bbox 1106 1850 1219 1888; x_wconf 81' lang='grc' dir='ltr'>ψυχῆσ</span> <span class='ocrx_word' id='word_1_265' title='bbox 1231 1872 1239 1880; x_wconf 94' lang='grc'><strong>.</strong></span> <span class='ocrx_word' id='word_1_266' title='bbox 1255 1873 1264 1880; x_wconf 91' lang='grc'><strong>.</strong></span> <span class='ocrx_word' id='word_1_267' title='bbox 1279 1872 1288 1880; x_wconf 89' lang='grc'><strong>.</strong></span> <span class='ocrx_word' id='word_1_268' title='bbox 1304 1851 1383 1890; x_wconf 82' lang='grc' dir='ltr'>ὅπερ</span> <span class='ocrx_word' id='word_1_269' title='bbox 1398 1852 1477 1882; x_wconf 82' lang='grc' dir='ltr'>εἶναι</span> <span class='ocrx_word' id='word_1_270' title='bbox 1494 1855 1526 1883; x_wconf 79' lang='grc' dir='ltr'>ἐν</span> <span class='ocrx_word' id='word_1_271' title='bbox 1544 1854 1668 1893; x_wconf 84' lang='grc' dir='ltr'>καρδίᾳ,</span> 
     </span>
     <span class='ocr_line' id='line_1_29' title="bbox 137 1895 1672 1940; baseline 0.006 -14"><span class='ocrx_word' id='word_1_272' title='bbox 137 1895 228 1927; x_wconf 78' lang='lat' dir='ltr'>Plut.</span> <span class='ocrx_word' id='word_1_273' title='bbox 249 1895 365 1937; x_wconf 82' lang='lat' dir='ltr'>placit.</span> <span class='ocrx_word' id='word_1_274' title='bbox 386 1904 424 1927; x_wconf 87' lang='lat' dir='ltr'>IV</span> <span class='ocrx_word' id='word_1_275' title='bbox 442 1897 463 1927; x_wconf 88' lang='lat'><strong><em>5</em></strong></span> <span class='ocrx_word' id='word_1_276' title='bbox 481 1897 526 1937; x_wconf 81' lang='grc' dir='ltr'>(τί</span> <span class='ocrx_word' id='word_1_277' title='bbox 542 1898 578 1928; x_wconf 87' lang='grc' dir='ltr'>τὸ</span> <span class='ocrx_word' id='word_1_278' title='bbox 594 1899 657 1935; x_wconf 86' lang='grc' dir='ltr'>τῆο·</span> <span class='ocrx_word' id='word_1_279' title='bbox 682 1899 795 1938; x_wconf 80' lang='grc' dir='ltr'>ψυχῆσ</span> <span class='ocrx_word' id='word_1_280' title='bbox 820 1898 1012 1937; x_wconf 68' lang='grc' dir='ltr'>ἡγημονικὸν</span> <span class='ocrx_word' id='word_1_281' title='bbox 1030 1900 1081 1930; x_wconf 84' lang='grc' dir='ltr'>καὶ</span> <span class='ocrx_word' id='word_1_282' title='bbox 1099 1901 1130 1930; x_wconf 83' lang='grc' dir='ltr'>ἐν</span> <span class='ocrx_word' id='word_1_283' title='bbox 1147 1901 1208 1931; x_wconf 87' lang='grc' dir='ltr'>τίνι</span> <span class='ocrx_word' id='word_1_284' title='bbox 1224 1901 1326 1940; x_wconf 83' lang='grc' dir='ltr'>ἐστίν)</span> <span class='ocrx_word' id='word_1_285' title='bbox 1344 1903 1371 1932; x_wconf 81' lang='grc' dir='ltr'>οἱ</span> <span class='ocrx_word' id='word_1_286' title='bbox 1389 1903 1522 1934; x_wconf 81' lang='grc' dir='ltr'>Στωικοὶ</span> <span class='ocrx_word' id='word_1_287' title='bbox 1547 1905 1672 1936; x_wconf 82' lang='grc' dir='ltr'>πάντεσ-</span> 
     </span>
     <span class='ocr_line' id='line_1_30' title="bbox 138 1946 1671 1995; baseline 0.007 -18"><span class='ocrx_word' id='word_1_288' title='bbox 138 1949 171 1978; x_wconf 82' lang='grc' dir='ltr'>ἐν</span> <span class='ocrx_word' id='word_1_289' title='bbox 188 1949 247 1987; x_wconf 82' lang='grc' dir='ltr'>ὅλῃ</span> <span class='ocrx_word' id='word_1_290' title='bbox 262 1946 303 1987; x_wconf 79' lang='grc' dir='ltr'>τῇ</span> <span class='ocrx_word' id='word_1_291' title='bbox 319 1949 429 1988; x_wconf 82' lang='grc' dir='ltr'>καρδίᾳ</span> <span class='ocrx_word' id='word_1_292' title='bbox 446 1949 465 1986; x_wconf 86' lang='grc' dir='ltr'>ἢ</span> <span class='ocrx_word' id='word_1_293' title='bbox 484 1947 530 1987; x_wconf 77' lang='grc' dir='ltr'>τῷ</span> <span class='ocrx_word' id='word_1_294' title='bbox 547 1950 618 1988; x_wconf 85' lang='grc' dir='ltr'>περὶ</span> <span class='ocrx_word' id='word_1_295' title='bbox 634 1950 693 1986; x_wconf 76' lang='grc' dir='ltr'>τὴν</span> <span class='ocrx_word' id='word_1_296' title='bbox 710 1950 838 1988; x_wconf 85' lang='grc' dir='ltr'>καρδίαν</span> <span class='ocrx_word' id='word_1_297' title='bbox 862 1951 1027 1988; x_wconf 81' lang='grc' dir='ltr'>πνεύματι,</span> <span class='ocrx_word' id='word_1_298' title='bbox 1046 1949 1113 1982; x_wconf 86' lang='lat' dir='ltr'>Cic.</span> <span class='ocrx_word' id='word_1_299' title='bbox 1141 1950 1242 1983; x_wconf 84' lang='lat' dir='ltr'>Tuse.</span> <span class='ocrx_word' id='word_1_300' title='bbox 1269 1960 1282 1982; x_wconf 93' lang='grc' dir='ltr'>Ι</span> <span class='ocrx_word' id='word_1_301' title='bbox 1310 1952 1350 1984; x_wconf 89' lang='grc'>18</span> <span class='ocrx_word' id='word_1_302' title='bbox 1374 1952 1454 1984; x_wconf 77' lang='lat' dir='ltr'>aliis</span> <span class='ocrx_word' id='word_1_303' title='bbox 1478 1963 1532 1985; x_wconf 80' lang='lat' dir='ltr'>cor</span> <span class='ocrx_word' id='word_1_304' title='bbox 1556 1955 1671 1995; x_wconf 77' lang='lat' dir='ltr'>ipsum</span> 
     </span>
     <span class='ocr_line' id='line_1_31' title="bbox 136 1998 1672 2048; baseline 0.007 -19"><span class='ocrx_word' id='word_1_305' title='bbox 136 1998 274 2030; x_wconf 81' lang='lat' dir='ltr'>animus</span> <span class='ocrx_word' id='word_1_306' title='bbox 297 1998 440 2036; x_wconf 82' lang='lat' dir='ltr'>uidetur,</span> <span class='ocrx_word' id='word_1_307' title='bbox 466 1998 564 2030; x_wconf 90' lang='lat' dir='ltr'>Lucr.</span> <span class='ocrx_word' id='word_1_308' title='bbox 591 2007 620 2030; x_wconf 92' lang='lat'>11</span> <span class='ocrx_word' id='word_1_309' title='bbox 644 2000 773 2031; x_wconf 81' lang='lat'>269—71</span> <span class='ocrx_word' id='word_1_310' title='bbox 809 1999 933 2031; x_wconf 80' lang='lat' dir='ltr'>initum</span> <span class='ocrx_word' id='word_1_311' title='bbox 957 2003 1064 2032; x_wconf 75' lang='lat' dir='ltr'>motus</span> <span class='ocrx_word' id='word_1_312' title='bbox 1087 2011 1109 2032; x_wconf 88' lang='lat' dir='ltr'>a</span> <span class='ocrx_word' id='word_1_313' title='bbox 1139 2002 1247 2033; x_wconf 89' lang='lat' dir='ltr'>corde</span> <span class='ocrx_word' id='word_1_314' title='bbox 1271 2003 1376 2035; x_wconf 82' lang='lat' dir='ltr'>creari</span> <span class='ocrx_word' id='word_1_315' title='bbox 1396 2002 1401 2046; x_wconf 86' lang='grc' dir='ltr'>Ι</span> <span class='ocrx_word' id='word_1_316' title='bbox 1421 2014 1459 2035; x_wconf 74' lang='lat' dir='ltr'>ez</span> <span class='ocrx_word' id='word_1_317' title='bbox 1482 2005 1672 2048; x_wconf 79' lang='lat' dir='ltr'>animique</span> 
     </span>
     <span class='ocr_line' id='line_1_32' title="bbox 135 2049 1626 2095; baseline 0.005 -14"><span class='ocrx_word' id='word_1_318' title='bbox 135 2049 306 2081; x_wconf 80' lang='lat' dir='ltr'>uoluntate</span> <span class='ocrx_word' id='word_1_319' title='bbox 327 2049 363 2081; x_wconf 83' lang='lat' dir='ltr'>id</span> <span class='ocrx_word' id='word_1_320' title='bbox 384 2049 556 2090; x_wconf 75' lang='lat' dir='ltr'>procedere</span> <span class='ocrx_word' id='word_1_321' title='bbox 575 2050 736 2090; x_wconf 80' lang='lat' dir='ltr'>primum,</span> <span class='ocrx_word' id='word_1_322' title='bbox 759 2049 859 2093; x_wconf 73' lang='lat' dir='ltr'>{iude</span> <span class='ocrx_word' id='word_1_323' title='bbox 880 2051 956 2083; x_wconf 87' lang='lat' dir='ltr'>dari</span> <span class='ocrx_word' id='word_1_324' title='bbox 973 2061 1074 2092; x_wconf 79' lang='lat' dir='ltr'>porro</span> <span class='ocrx_word' id='word_1_325' title='bbox 1097 2062 1165 2092; x_wconf 77' lang='lat' dir='ltr'>per</span> <span class='ocrx_word' id='word_1_326' title='bbox 1190 2056 1305 2085; x_wconf 80' lang='lat' dir='ltr'>totum</span> <span class='ocrx_word' id='word_1_327' title='bbox 1329 2064 1465 2095; x_wconf 78' lang='lat' dir='ltr'>corpus</span> <span class='ocrx_word' id='word_1_328' title='bbox 1487 2059 1516 2087; x_wconf 86' lang='lat' dir='ltr'>et</span> <span class='ocrx_word' id='word_1_329' title='bbox 1533 2060 1626 2089; x_wconf 80' lang='lat' dir='ltr'>artus</span> 
     </span>
     <span class='ocr_line' id='line_1_33' title="bbox 225 2101 1670 2148; baseline 0.006 -16"><span class='ocrx_word' id='word_1_330' title='bbox 225 2101 289 2132; x_wconf 86' lang='lat'>929</span> <span class='ocrx_word' id='word_1_331' title='bbox 311 2104 428 2133; x_wconf 83' lang='lat' dir='ltr'>locata</span> <span class='ocrx_word' id='word_1_332' title='bbox 451 2104 511 2139; x_wconf 82' lang='lat' dir='ltr'>GL,</span> <span class='ocrx_word' id='word_1_333' title='bbox 536 2105 652 2133; x_wconf 84' lang='lat' dir='ltr'>colata</span> <span class='ocrx_word' id='word_1_334' title='bbox 674 2105 708 2133; x_wconf 89' lang='lat' dir='ltr'>M</span> <span class='ocrx_word' id='word_1_335' title='bbox 797 2101 861 2132; x_wconf 90' lang='grc'>933</span> <span class='ocrx_word' id='word_1_336' title='bbox 884 2102 948 2133; x_wconf 87' lang='grc'>934</span> <span class='ocrx_word' id='word_1_337' title='bbox 970 2106 1061 2134; x_wconf 87' lang='lat' dir='ltr'>recte</span> <span class='ocrx_word' id='word_1_338' title='bbox 1086 2104 1304 2145; x_wconf 82' lang='lat' dir='ltr'>interpunxit</span> <span class='ocrx_word' id='word_1_339' title='bbox 1326 2105 1442 2148; x_wconf 85' lang='lat' dir='ltr'>Fayus</span> <span class='ocrx_word' id='word_1_340' title='bbox 1465 2117 1528 2139; x_wconf 90' lang='lat' dir='ltr'>nec</span> <span class='ocrx_word' id='word_1_341' title='bbox 1551 2111 1670 2141; x_wconf 88' lang='lat' dir='ltr'>tamen</span> 
     </span>
     <span class='ocr_line' id='line_1_34' title="bbox 137 2152 1670 2197; baseline 0.007 -14"><span class='ocrx_word' id='word_1_342' title='bbox 137 2155 229 2184; x_wconf 88' lang='lat' dir='ltr'>recte</span> <span class='ocrx_word' id='word_1_343' title='bbox 249 2153 437 2190; x_wconf 85' lang='lat' dir='ltr'>enarrauit,</span> <span class='ocrx_word' id='word_1_344' title='bbox 459 2153 544 2184; x_wconf 90' lang='lat' dir='ltr'>ordo</span> <span class='ocrx_word' id='word_1_345' title='bbox 569 2156 622 2185; x_wconf 86' lang='lat' dir='ltr'>est</span> <span class='ocrx_word' id='word_1_346' title='bbox 647 2153 739 2184; x_wconf 85' lang='lat' dir='ltr'>enim</span> <span class='ocrx_word' id='word_1_347' title='bbox 767 2152 775 2165; x_wconf 89' lang='lat'>‘</span> <span class='ocrx_word' id='word_1_348' title='bbox 789 2163 832 2184; x_wconf 90' lang='lat' dir='ltr'>ne</span> <span class='ocrx_word' id='word_1_349' title='bbox 857 2153 946 2185; x_wconf 88' lang='lat' dir='ltr'>forte</span> <span class='ocrx_word' id='word_1_350' title='bbox 967 2154 1116 2192; x_wconf 85' lang='lat' dir='ltr'>dubites,</span> <span class='ocrx_word' id='word_1_351' title='bbox 1134 2165 1217 2187; x_wconf 79' lang='lat' dir='ltr'>ecce</span> <span class='ocrx_word' id='word_1_352' title='bbox 1230 2156 1303 2197; x_wconf 85' lang='lat' dir='ltr'>ipse</span> <span class='ocrx_word' id='word_1_353' title='bbox 1323 2156 1404 2189; x_wconf 86' lang='lat' dir='ltr'>deos</span> <span class='ocrx_word' id='word_1_354' title='bbox 1423 2157 1509 2190; x_wconf 82' lang='lat' dir='ltr'>facit</span> <span class='ocrx_word' id='word_1_355' title='bbox 1522 2160 1541 2191; x_wconf 77' lang='lat'>³.</span> <span class='ocrx_word' id='word_1_356' title='bbox 1590 2161 1670 2193; x_wconf 89' lang='lat' dir='ltr'>uide</span> 
     </span>
     <span class='ocr_line' id='line_1_35' title="bbox 136 2204 1669 2250; baseline 0.006 -14"><span class='ocrx_word' id='word_1_357' title='bbox 136 2204 235 2236; x_wconf 91' lang='lat' dir='ltr'>Lucr.</span> <span class='ocrx_word' id='word_1_358' title='bbox 257 2213 296 2236; x_wconf 85' lang='lat' dir='ltr'>VI</span> <span class='ocrx_word' id='word_1_359' title='bbox 317 2205 392 2242; x_wconf 87' lang='grc'><strong>693,</strong></span> <span class='ocrx_word' id='word_1_360' title='bbox 414 2204 514 2237; x_wconf 90' lang='lat' dir='ltr'>Ouid.</span> <span class='ocrx_word' id='word_1_361' title='bbox 537 2208 618 2236; x_wconf 84' lang='lat' dir='ltr'>met.</span> <span class='ocrx_word' id='word_1_362' title='bbox 640 2212 709 2235; x_wconf 87' lang='lat' dir='ltr'>vm</span> <span class='ocrx_word' id='word_1_363' title='bbox 729 2205 804 2242; x_wconf 85' lang='lat'>620,</span> <span class='ocrx_word' id='word_1_364' title='bbox 822 2213 887 2236; x_wconf 79' lang='lat' dir='ltr'>xiv</span> <span class='ocrx_word' id='word_1_365' title='bbox 907 2206 961 2243; x_wconf 85' lang='lat'>32,</span> <span class='ocrx_word' id='word_1_366' title='bbox 982 2205 1082 2238; x_wconf 87' lang='lat' dir='ltr'>Mart.</span> <span class='ocrx_word' id='word_1_367' title='bbox 1104 2215 1174 2237; x_wconf 85' lang='lat' dir='ltr'>xm</span> <span class='ocrx_word' id='word_1_368' title='bbox 1196 2208 1257 2239; x_wconf 90' lang='lat'>107</span> <span class='ocrx_word' id='word_1_369' title='bbox 1278 2208 1310 2245; x_wconf 84' lang='lat'>2,</span> <span class='ocrx_word' id='word_1_370' title='bbox 1328 2217 1486 2250; x_wconf 83' lang='lat' dir='ltr'>quaeque</span> <span class='ocrx_word' id='word_1_371' title='bbox 1506 2211 1551 2242; x_wconf 86' lang='lat' dir='ltr'>ad</span> <span class='ocrx_word' id='word_1_372' title='bbox 1571 2220 1586 2243; x_wconf 90' lang='lat'>1</span> <span class='ocrx_word' id='word_1_373' title='bbox 1605 2214 1669 2245; x_wconf 87' lang='lat'>557</span> 
     </span>
     <span class='ocr_line' id='line_1_36' title="bbox 135 2255 1670 2296; baseline 0.005 -9"><span class='ocrx_word' id='word_1_374' title='bbox 135 2259 173 2287; x_wconf 89' lang='lat' dir='ltr'>et</span> <span class='ocrx_word' id='word_1_375' title='bbox 186 2264 215 2287; x_wconf 93' lang='lat'>11</span> <span class='ocrx_word' id='word_1_376' title='bbox 229 2256 291 2288; x_wconf 88' lang='lat'>201</span> <span class='ocrx_word' id='word_1_377' title='bbox 309 2255 477 2288; x_wconf 88' lang='lat' dir='ltr'>adnotaui</span> <span class='ocrx_word' id='word_1_378' title='bbox 567 2256 630 2287; x_wconf 88' lang='lat'>933</span> <span class='ocrx_word' id='word_1_379' title='bbox 645 2255 774 2287; x_wconf 75' lang='lat' dir='ltr'>homini</span> <span class='ocrx_word' id='word_1_380' title='bbox 788 2256 924 2288; x_wconf 76' lang='lat' dir='ltr'>diuinos</span> <span class='ocrx_word' id='word_1_381' title='bbox 938 2257 1063 2288; x_wconf 85' lang='lat' dir='ltr'>credere</span> <span class='ocrx_word' id='word_1_382' title='bbox 1077 2258 1174 2289; x_wconf 75' lang='lat' dir='ltr'>uisus</span> <span class='ocrx_word' id='word_1_383' title='bbox 1187 2258 1334 2290; x_wconf 84' lang='lat' dir='ltr'>notabili</span> <span class='ocrx_word' id='word_1_384' title='bbox 1350 2259 1521 2293; x_wconf 88' lang='lat' dir='ltr'>breuitate</span> <span class='ocrx_word' id='word_1_385' title='bbox 1536 2262 1670 2296; x_wconf 84' lang='lat' dir='ltr'>dictum</span> 
     </span>
     <span class='ocr_line' id='line_1_37' title="bbox 136 2306 1671 2348; baseline 0.006 -10"><span class='ocrx_word' id='word_1_386' title='bbox 136 2307 285 2345; x_wconf 87' lang='lat' dir='ltr'>uidetur,</span> <span class='ocrx_word' id='word_1_387' title='bbox 316 2310 357 2339; x_wconf 88' lang='lat' dir='ltr'>ut</span> <span class='ocrx_word' id='word_1_388' title='bbox 387 2308 432 2339; x_wconf 90' lang='lat' dir='ltr'>sit</span> <span class='ocrx_word' id='word_1_389' title='bbox 463 2306 571 2339; x_wconf 86' lang='lat' dir='ltr'>‘illud</span> <span class='ocrx_word' id='word_1_390' title='bbox 601 2306 748 2344; x_wconf 85' lang='lat' dir='ltr'>credere,</span> <span class='ocrx_word' id='word_1_391' title='bbox 779 2307 915 2339; x_wconf 89' lang='lat' dir='ltr'>diuinos</span> <span class='ocrx_word' id='word_1_392' title='bbox 944 2307 1076 2340; x_wconf 86' lang='lat' dir='ltr'>homini</span> <span class='ocrx_word' id='word_1_393' title='bbox 1105 2309 1200 2341; x_wconf 85' lang='lat' dir='ltr'>uisus</span> <span class='ocrx_word' id='word_1_394' title='bbox 1229 2319 1302 2341; x_wconf 75' lang='lat' dir='ltr'>esse</span> <span class='ocrx_word' id='word_1_395' title='bbox 1317 2311 1334 2342; x_wconf 77' lang='lat'>³.</span> <span class='ocrx_word' id='word_1_396' title='bbox 1382 2312 1539 2345; x_wconf 82' lang='lat' dir='ltr'>similiter</span> <span class='ocrx_word' id='word_1_397' title='bbox 1568 2314 1671 2348; x_wconf 85' lang='lat' dir='ltr'>Silius</span> 
     </span>
     <span class='ocr_line' id='line_1_38' title="bbox 135 2358 1670 2407; baseline 0.007 -18"><span class='ocrx_word' id='word_1_398' title='bbox 135 2367 159 2388; x_wconf 90' lang='lat' dir='ltr'>v</span> <span class='ocrx_word' id='word_1_399' title='bbox 180 2359 245 2390; x_wconf 83' lang='lat'>404</span> <span class='ocrx_word' id='word_1_400' title='bbox 266 2368 315 2400; x_wconf 90' lang='lat' dir='ltr'>sq.</span> <span class='ocrx_word' id='word_1_401' title='bbox 340 2358 396 2390; x_wconf 86' lang='lat' dir='ltr'>ille</span> <span class='ocrx_word' id='word_1_402' title='bbox 417 2358 482 2390; x_wconf 78' lang='lat' dir='ltr'>sibi</span> <span class='ocrx_word' id='word_1_403' title='bbox 500 2358 631 2398; x_wconf 73' lang='lat' dir='ltr'>lonqam</span> <span class='ocrx_word' id='word_1_404' title='bbox 652 2358 766 2390; x_wconf 78' lang='lat' dir='ltr'>Clotho</span> <span class='ocrx_word' id='word_1_405' title='bbox 785 2358 976 2399; x_wconf 71' lang='lat' dir='ltr'>turbamque</span> <span class='ocrx_word' id='word_1_406' title='bbox 992 2363 1149 2400; x_wconf 75' lang='lat' dir='ltr'>nepotum</span> <span class='ocrx_word' id='word_1_407' title='bbox 1166 2358 1171 2403; x_wconf 71' lang='grc' dir='ltr'>Ι</span> <span class='ocrx_word' id='word_1_408' title='bbox 1188 2361 1377 2396; x_wconf 81' lang='lat' dir='ltr'>crediderat.</span> <span class='ocrx_word' id='word_1_409' title='bbox 1395 2365 1498 2396; x_wconf 77' lang='lat' dir='ltr'>uanis</span> <span class='ocrx_word' id='word_1_410' title='bbox 1517 2365 1670 2407; x_wconf 79' lang='lat' dir='ltr'>deceptus</span> 
     </span>
     <span class='ocr_line' id='line_1_39' title="bbox 134 2409 1524 2456; baseline 0.004 -15"><span class='ocrx_word' id='word_1_411' title='bbox 134 2410 174 2442; x_wconf 78' lang='lat' dir='ltr'>in</span> <span class='ocrx_word' id='word_1_412' title='bbox 206 2409 284 2441; x_wconf 83' lang='lat' dir='ltr'>alite</span> <span class='ocrx_word' id='word_1_413' title='bbox 316 2409 434 2449; x_wconf 72' lang='lat' dir='ltr'>siqnis,</span> <span class='ocrx_word' id='word_1_414' title='bbox 468 2409 533 2441; x_wconf 91' lang='lat' dir='ltr'>hoc</span> <span class='ocrx_word' id='word_1_415' title='bbox 560 2412 614 2442; x_wconf 88' lang='lat' dir='ltr'>est</span> <span class='ocrx_word' id='word_1_416' title='bbox 645 2409 785 2450; x_wconf 83' lang='lat' dir='ltr'>longam</span> <span class='ocrx_word' id='word_1_417' title='bbox 813 2409 877 2441; x_wconf 87' lang='lat' dir='ltr'>sibi</span> <span class='ocrx_word' id='word_1_418' title='bbox 910 2411 1023 2442; x_wconf 91' lang='lat' dir='ltr'>uitam</span> <span class='ocrx_word' id='word_1_419' title='bbox 1055 2410 1127 2442; x_wconf 85' lang='lat' dir='ltr'>fore</span> <span class='ocrx_word' id='word_1_420' title='bbox 1157 2412 1353 2454; x_wconf 86' lang='lat' dir='ltr'>multosque</span> <span class='ocrx_word' id='word_1_421' title='bbox 1380 2418 1524 2456; x_wconf 85' lang='lat' dir='ltr'>nepotes</span> 
     </span>
     <span class='ocr_line' id='line_1_40' title="bbox 179 2460 1581 2502; baseline 0.006 -11"><span class='ocrx_word' id='word_1_422' title='bbox 179 2460 244 2491; x_wconf 81' lang='lat'>934</span> <span class='ocrx_word' id='word_1_423' title='bbox 269 2460 331 2491; x_wconf 88' lang='lat'>935</span> <span class='ocrx_word' id='word_1_424' title='bbox 357 2461 576 2502; x_wconf 81' lang='lat' dir='ltr'>interpunxit</span> <span class='ocrx_word' id='word_1_425' title='bbox 602 2460 761 2502; x_wconf 85' lang='lat' dir='ltr'>Scaliger,</span> <span class='ocrx_word' id='word_1_426' title='bbox 790 2463 871 2493; x_wconf 90' lang='lat' dir='ltr'>ante</span> <span class='ocrx_word' id='word_1_427' title='bbox 898 2471 1000 2502; x_wconf 86' lang='lat' dir='ltr'>quem</span> <span class='ocrx_word' id='word_1_428' title='bbox 1028 2462 1140 2494; x_wconf 72' lang='lat' dir='ltr'>maius</span> <span class='ocrx_word' id='word_1_429' title='bbox 1172 2463 1217 2494; x_wconf 87' lang='lat' dir='ltr'>ad</span> <span class='ocrx_word' id='word_1_430' title='bbox 1243 2474 1367 2496; x_wconf 72' lang='lat' dir='ltr'>numen</span> <span class='ocrx_word' id='word_1_431' title='bbox 1393 2466 1581 2500; x_wconf 86' lang='lat' dir='ltr'>trahebant</span> 
     </span>
     <span class='ocr_line' id='line_1_41' title="bbox 180 2511 1669 2556; baseline 0.006 -14"><span class='ocrx_word' id='word_1_432' title='bbox 180 2511 244 2543; x_wconf 82' lang='lat'>9:34</span> <span class='ocrx_word' id='word_1_433' title='bbox 257 2515 345 2544; x_wconf 85' lang='lat' dir='ltr'>facit</span> <span class='ocrx_word' id='word_1_434' title='bbox 358 2515 383 2544; x_wconf 81' lang='lat' dir='ltr'><strong>G</strong></span> <span class='ocrx_word' id='word_1_435' title='bbox 397 2514 434 2543; x_wconf 90' lang='lat' dir='ltr'>et</span> <span class='ocrx_word' id='word_1_436' title='bbox 447 2522 510 2553; x_wconf 91' lang='lat' dir='ltr'>pro</span> <span class='ocrx_word' id='word_1_437' title='bbox 526 2522 597 2543; x_wconf 91' lang='lat' dir='ltr'>uar.</span> <span class='ocrx_word' id='word_1_438' title='bbox 615 2522 676 2543; x_wconf 88' lang='lat' dir='ltr'>scr.</span> <span class='ocrx_word' id='word_1_439' title='bbox 689 2512 739 2549; x_wconf 76' lang='lat' dir='ltr'>L2,</span> <span class='ocrx_word' id='word_1_440' title='bbox 754 2515 841 2544; x_wconf 81' lang='lat' dir='ltr'>facis</span> <span class='ocrx_word' id='word_1_441' title='bbox 854 2515 913 2544; x_wconf 65' lang='grc' dir='ltr'>ΒΜ</span> <span class='ocrx_word' id='word_1_442' title='bbox 927 2513 1002 2544; x_wconf 90' lang='lat' dir='ltr'>cod.</span> <span class='ocrx_word' id='word_1_443' title='bbox 1019 2513 1172 2546; x_wconf 87' lang='lat' dir='ltr'>Venetus</span> <span class='ocrx_word' id='word_1_444' title='bbox 1184 2518 1327 2556; x_wconf 88' lang='lat' dir='ltr'>propter</span> <span class='ocrx_word' id='word_1_445' title='bbox 1339 2516 1466 2548; x_wconf 75' lang='lat' dir='ltr'>dubites</span> <span class='ocrx_word' id='word_1_446' title='bbox 1553 2523 1669 2553; x_wconf 85' lang='lat' dir='ltr'>mittit</span> 
     </span>
     <span class='ocr_line' id='line_1_42' title="bbox 132 2563 1669 2609; baseline 0.007 -15"><span class='ocrx_word' id='word_1_447' title='bbox 132 2566 196 2601; x_wconf 75' lang='lat' dir='ltr'>GL,</span> <span class='ocrx_word' id='word_1_448' title='bbox 212 2566 327 2595; x_wconf 84' lang='lat' dir='ltr'>mittis</span> <span class='ocrx_word' id='word_1_449' title='bbox 344 2567 378 2595; x_wconf 89' lang='lat' dir='ltr'>M</span> <span class='ocrx_word' id='word_1_450' title='bbox 403 2563 478 2595; x_wconf 90' lang='lat' dir='ltr'>cod.</span> <span class='ocrx_word' id='word_1_451' title='bbox 498 2563 654 2595; x_wconf 88' lang='lat' dir='ltr'>Venetus</span> <span class='ocrx_word' id='word_1_452' title='bbox 671 2563 776 2595; x_wconf 84' lang='lat' dir='ltr'>latius</span> <span class='ocrx_word' id='word_1_453' title='bbox 793 2566 951 2605; x_wconf 82' lang='lat' dir='ltr'>serpente</span> <span class='ocrx_word' id='word_1_454' title='bbox 969 2574 1080 2597; x_wconf 88' lang='lat' dir='ltr'>errore</span> <span class='ocrx_word' id='word_1_455' title='bbox 1171 2565 1280 2598; x_wconf 86' lang='lat' dir='ltr'>C.I.L.</span> <span class='ocrx_word' id='word_1_456' title='bbox 1299 2575 1338 2598; x_wconf 83' lang='lat' dir='ltr'>ix</span> <span class='ocrx_word' id='word_1_457' title='bbox 1355 2568 1442 2600; x_wconf 84' lang='lat'><strong>2628</strong></span> <span class='ocrx_word' id='word_1_458' title='bbox 1463 2569 1557 2609; x_wconf 73' lang='lat' dir='ltr'>qenio</span> <span class='ocrx_word' id='word_1_459' title='bbox 1575 2571 1669 2604; x_wconf 80' lang='lat' dir='ltr'>deiui</span> 
     </span>
     <span class='ocr_line' id='line_1_43' title="bbox 136 2614 1667 2656; baseline 0.007 -10"><span class='ocrx_word' id='word_1_460' title='bbox 136 2614 210 2646; x_wconf 74' lang='lat' dir='ltr'>Iuli</span> <span class='ocrx_word' id='word_1_461' title='bbox 232 2614 383 2655; x_wconf 77' lang='lat' dir='ltr'>parentis</span> <span class='ocrx_word' id='word_1_462' title='bbox 405 2614 538 2655; x_wconf 77' lang='lat' dir='ltr'>patriae</span> <span class='ocrx_word' id='word_1_463' title='bbox 561 2624 656 2655; x_wconf 82' lang='lat' dir='ltr'>quem</span> <span class='ocrx_word' id='word_1_464' title='bbox 681 2618 815 2646; x_wconf 73' lang='lat' dir='ltr'>senatus</span> <span class='ocrx_word' id='word_1_465' title='bbox 836 2615 1046 2656; x_wconf 76' lang='lat' dir='ltr'>populusque</span> <span class='ocrx_word' id='word_1_466' title='bbox 1073 2616 1246 2649; x_wconf 75' lang='lat' dir='ltr'>Romanus</span> <span class='ocrx_word' id='word_1_467' title='bbox 1272 2618 1309 2650; x_wconf 78' lang='lat' dir='ltr'>iu</span> <span class='ocrx_word' id='word_1_468' title='bbox 1333 2618 1468 2652; x_wconf 81' lang='lat' dir='ltr'>deorum</span> <span class='ocrx_word' id='word_1_469' title='bbox 1491 2631 1667 2656; x_wconf 78' lang='lat' dir='ltr'>numerum</span> 
     </span>
     <span class='ocr_line' id='line_1_44' title="bbox 132 2665 1668 2713; baseline 0.007 -16"><span class='ocrx_word' id='word_1_470' title='bbox 132 2665 257 2697; x_wconf 79' lang='lat' dir='ltr'>rettulit</span> <span class='ocrx_word' id='word_1_471' title='bbox 276 2665 348 2707; x_wconf 86' lang='lat' dir='ltr'>lege</span> <span class='ocrx_word' id='word_1_472' title='bbox 368 2665 525 2697; x_wconf 81' lang='lat' dir='ltr'>Rufrena</span> <span class='ocrx_word' id='word_1_473' title='bbox 545 2675 636 2696; x_wconf 87' lang='lat' dir='ltr'>anno</span> <span class='ocrx_word' id='word_1_474' title='bbox 656 2669 738 2697; x_wconf 86' lang='lat' dir='ltr'>ante</span> <span class='ocrx_word' id='word_1_475' title='bbox 755 2665 929 2698; x_wconf 85' lang='lat' dir='ltr'>Christum</span> <span class='ocrx_word' id='word_1_476' title='bbox 949 2670 1073 2699; x_wconf 89' lang='lat' dir='ltr'>natum</span> <span class='ocrx_word' id='word_1_477' title='bbox 1094 2668 1146 2699; x_wconf 88' lang='grc'><strong>42.</strong></span> <span class='ocrx_word' id='word_1_478' title='bbox 1194 2668 1275 2700; x_wconf 89' lang='lat' dir='ltr'>ibid.</span> <span class='ocrx_word' id='word_1_479' title='bbox 1298 2678 1312 2700; x_wconf 94' lang='lat'>1</span> <span class='ocrx_word' id='word_1_480' title='bbox 1331 2669 1384 2702; x_wconf 80' lang='lat' dir='ltr'>ed.</span> <span class='ocrx_word' id='word_1_481' title='bbox 1407 2672 1427 2702; x_wconf 92' lang='grc'><strong>2</strong></span> <span class='ocrx_word' id='word_1_482' title='bbox 1447 2682 1480 2713; x_wconf 88' lang='lat' dir='ltr'>p.</span> <span class='ocrx_word' id='word_1_483' title='bbox 1503 2673 1568 2705; x_wconf 89' lang='grc'><strong>329</strong></span> <span class='ocrx_word' id='word_1_484' title='bbox 1587 2674 1668 2707; x_wconf 82' lang='lat' dir='ltr'>diuo</span> 
     </span>
     <span class='ocr_line' id='line_1_45' title="bbox 134 2716 1664 2762; baseline 0.007 -14"><span class='ocrx_word' id='word_1_485' title='bbox 134 2717 285 2757; x_wconf 74' lang='lat' dir='ltr'>Auyusto</span> <span class='ocrx_word' id='word_1_486' title='bbox 307 2716 443 2748; x_wconf 74' lang='lat' dir='ltr'>honores</span> <span class='ocrx_word' id='word_1_487' title='bbox 465 2716 613 2748; x_wconf 73' lang='lat' dir='ltr'>caelestes</span> <span class='ocrx_word' id='word_1_488' title='bbox 635 2726 656 2748; x_wconf 90' lang='lat' dir='ltr'>a</span> <span class='ocrx_word' id='word_1_489' title='bbox 677 2720 794 2748; x_wconf 74' lang='lat' dir='ltr'>senatu</span> <span class='ocrx_word' id='word_1_490' title='bbox 816 2717 933 2748; x_wconf 83' lang='lat' dir='ltr'>decreti</span> <span class='ocrx_word' id='word_1_491' title='bbox 954 2717 1009 2749; x_wconf 86' lang='lat' dir='ltr'>die</span> <span class='ocrx_word' id='word_1_492' title='bbox 1034 2719 1072 2750; x_wconf 94' lang='grc'>17</span> <span class='ocrx_word' id='word_1_493' title='bbox 1095 2718 1189 2760; x_wconf 86' lang='lat' dir='ltr'>Sept.</span> <span class='ocrx_word' id='word_1_494' title='bbox 1209 2720 1291 2751; x_wconf 87' lang='lat' dir='ltr'>anni</span> <span class='ocrx_word' id='word_1_495' title='bbox 1312 2723 1393 2762; x_wconf 86' lang='lat' dir='ltr'>post</span> <span class='ocrx_word' id='word_1_496' title='bbox 1415 2722 1589 2756; x_wconf 88' lang='lat' dir='ltr'>Christum</span> <span class='ocrx_word' id='word_1_497' title='bbox 1614 2727 1664 2758; x_wconf 88' lang='grc'>14.</span> 
     </span>
     <span class='ocr_line' id='line_1_46' title="bbox 134 2767 1666 2816; baseline 0.006 -16"><span class='ocrx_word' id='word_1_498' title='bbox 134 2768 218 2800; x_wconf 90' lang='lat' dir='ltr'>Vell.</span> <span class='ocrx_word' id='word_1_499' title='bbox 244 2767 320 2799; x_wconf 86' lang='lat' dir='ltr'>Pat.</span> <span class='ocrx_word' id='word_1_500' title='bbox 345 2776 373 2799; x_wconf 90' lang='lat'>11</span> <span class='ocrx_word' id='word_1_501' title='bbox 399 2768 461 2799; x_wconf 90' lang='grc'>126</span> <span class='ocrx_word' id='word_1_502' title='bbox 486 2769 500 2799; x_wconf 96' lang='lat' dir='ltr'>l</span> <span class='ocrx_word' id='word_1_503' title='bbox 526 2768 674 2799; x_wconf 79' lang='lat' dir='ltr'>sacrauit</span> <span class='ocrx_word' id='word_1_504' title='bbox 692 2771 864 2809; x_wconf 77' lang='lat' dir='ltr'>parentem</span> <span class='ocrx_word' id='word_1_505' title='bbox 886 2779 985 2800; x_wconf 80' lang='lat' dir='ltr'>suum</span> <span class='ocrx_word' id='word_1_506' title='bbox 1008 2768 1132 2801; x_wconf 80' lang='lat' dir='ltr'>Caesar</span> <span class='ocrx_word' id='word_1_507' title='bbox 1149 2770 1334 2811; x_wconf 87' lang='lat' dir='ltr'>(Tiberius)</span> <span class='ocrx_word' id='word_1_508' title='bbox 1356 2783 1424 2804; x_wconf 80' lang='lat' dir='ltr'>uon</span> <span class='ocrx_word' id='word_1_509' title='bbox 1446 2774 1588 2816; x_wconf 81' lang='lat' dir='ltr'>imperio</span> <span class='ocrx_word' id='word_1_510' title='bbox 1609 2778 1666 2809; x_wconf 73' lang='lat' dir='ltr'>sed</span> 
     </span>
     <span class='ocr_line' id='line_1_47' title="bbox 132 2818 1664 2867; baseline 0.005 -15"><span class='ocrx_word' id='word_1_511' title='bbox 132 2819 299 2860; x_wconf 69' lang='lat' dir='ltr'>reliqione,</span> <span class='ocrx_word' id='word_1_512' title='bbox 321 2829 389 2851; x_wconf 80' lang='lat' dir='ltr'>non</span> <span class='ocrx_word' id='word_1_513' title='bbox 409 2818 595 2860; x_wconf 78' lang='lat' dir='ltr'>appellauit</span> <span class='ocrx_word' id='word_1_514' title='bbox 617 2829 691 2851; x_wconf 86' lang='lat' dir='ltr'>eum</span> <span class='ocrx_word' id='word_1_515' title='bbox 712 2819 768 2851; x_wconf 77' lang='lat' dir='ltr'>sed</span> <span class='ocrx_word' id='word_1_516' title='bbox 786 2819 867 2861; x_wconf 79' lang='lat' dir='ltr'>jecit</span> <span class='ocrx_word' id='word_1_517' title='bbox 887 2819 994 2858; x_wconf 88' lang='lat' dir='ltr'>deum,</span> <span class='ocrx_word' id='word_1_518' title='bbox 1015 2820 1184 2853; x_wconf 86' lang='lat' dir='ltr'>Octauiae</span> <span class='ocrx_word' id='word_1_519' title='bbox 1202 2823 1268 2854; x_wconf 84' lang='lat'>449</span> <span class='ocrx_word' id='word_1_520' title='bbox 1289 2822 1380 2855; x_wconf 88' lang='lat' dir='ltr'>Nero</span> <span class='ocrx_word' id='word_1_521' title='bbox 1406 2825 1501 2858; x_wconf 75' lang='lat' dir='ltr'>stulte</span> <span class='ocrx_word' id='word_1_522' title='bbox 1521 2828 1664 2867; x_wconf 84' lang='lat' dir='ltr'>uerebor,</span> 
     </span>
    </p>
   </div>
  </div>
 </body>
</html>
