1872 3183
587 145 1071 190 ASTRONOMICON
1102 146 1168 187 IV
1595 144 1650 182 29

153 266 223 298 215
280 259 472 314 denique,
493 258 536 299 in
556 258 753 313 ambiguo
773 257 900 299 fuerit
919 256 1215 312 quodcumque
1234 255 1422 297 locatum

278 339 321 375 et
340 333 510 374 rectoris
530 346 665 387 egens,
688 331 886 373 dirimerit
905 331 1101 372 examina
1120 330 1286 371 Librae.

330 407 522 462 Scorpios
542 411 706 447 armata
727 405 912 447 uiolenta
931 405 1103 460 cuspide
1122 403 1271 453 cauda,

277 496 375 536 qua,
395 495 470 522 sua
489 495 587 522 cum
606 480 766 521 Phoebi
784 494 953 521 currum
973 494 1046 534 per
1065 479 1201 520 sidera
1221 477 1351 526 ducit,

275 556 452 597 rimatur
471 560 604 596 terras
624 560 667 596 et
686 554 810 596 sulcis
829 554 989 595 semina
1008 553 1168 602 miscet,

150 637 219 669 220
274 629 318 671 111
338 629 494 671 bellum
513 629 700 670 ardentis
719 628 882 669 animos
902 633 945 669 et
963 627 1117 669 Martia
1136 631 1274 668 castra

275 704 402 745 efficit
421 708 464 745 et
483 702 618 744 multo
638 703 893 758 gaudentem
911 702 1113 757 sanguine
1133 706 1320 742 mentem

273 792 349 819 nec
368 777 525 833 praeda
546 791 674 832 quam
694 777 821 818 caede
841 776 986 831 magis.
1044 776 1146 830 quin
1165 775 1256 830 ipsa
1276 774 1354 815 sub
1375 772 1501 815 armis

273 866 359 907 pax
378 852 516 907 agitur
537 867 544 893 :
581 851 756 906 capiunt
774 850 907 892 saltus
927 850 1137 905 siluasque
1157 853 1396 904 peragrant,

108 1016 221 1039 eorum
233 1007 353 1048 quibus
362 1009 566 1047 permissum
579 1011 624 1040 est
637 1009 723 1039 iura
740 1009 914 1045 condere‚·
938 1017 1078 1048 quorum
1090 1007 1241 1038 omnium
1253 1007 1284 1037 si
1297 1006 1334 1037 in
1347 1013 1454 1036 unum
1465 1003 1646 1035 sententiae

110 1062 319 1097 concurrunt,
337 1060 373 1091 id
393 1060 480 1100 quod
496 1060 545 1091 ita
561 1060 708 1092 sentiunt
727 1060 818 1100 leyis
835 1060 942 1091 uicem
959 1060 1084 1099 optinet
1100 1071 1107 1096 ;
1143 1068 1212 1099 quo
1231 1058 1271 1089 fit
1288 1060 1339 1095 ut,
1358 1056 1418 1098 qui
1435 1055 1540 1096 uulgo
1558 1054 1646 1086 iuris

107 1113 266 1147 auctores,
278 1110 372 1142 idem
390 1112 426 1142 in
444 1111 519 1143 cod.
541 1111 628 1143 Iust.
645 1112 665 1143 6
684 1113 725 1144 37
740 1112 783 1142 26
797 1121 846 1152 pr.
864 1111 969 1151 leyum
983 1111 1165 1142 conditores
1178 1109 1406 1151 appellentur.
1455 1107 1515 1139 sed
1531 1106 1646 1146 potius

109 1164 258 1203 utroque
271 1172 373 1193 uersu
393 1173 413 1193 a
431 1165 536 1204 poeta
554 1164 707 1204 positum
725 1173 797 1194 esse
811 1173 913 1194 nemo
930 1162 1082 1193 confidet
1098 1173 1105 1192 :
1138 1161 1316 1192 Bentleius
1330 1160 1384 1191 hic
1396 1158 1556 1198 proprias

156 1213 218 1244 215
237 1213 300 1244 216
318 1213 409 1245 Petr.
423 1215 466 1246 39
487 1215 524 1245 11
547 1214 584 1245 in
602 1213 705 1245 Libra
722 1214 941 1254 (nascuntur)
955 1213 1151 1254 quicumque
1169 1211 1300 1252 aliquid
1313 1210 1492 1250 expediunt
1581 1208 1644 1239 215

107 1266 145 1295 in
156 1267 215 1300 GL,
227 1268 264 1296 et
276 1267 314 1295 in
328 1268 361 1296 M
451 1265 514 1296 216
532 1274 637 1303 egens
653 1269 712 1302 GL,
729 1269 852 1303 tegens
869 1268 903 1296 M
993 1264 1144 1295 217—229
1161 1263 1333 1304 Scorpius,
1348 1261 1644 1303 pugnacissimum

108 1314 239 1346 animal
261 1317 298 1346 et
317 1315 439 1346 Martis
460 1316 572 1347 tutela
593 1318 636 1356 (11
656 1317 746 1355 443),
763 1319 858 1347 creat
878 1315 1068 1353 bellicosos,
1084 1317 1268 1346 uenatores
1291 1315 1393 1354 (quos
1415 1313 1523 1343 etiam
1546 1311 1643 1350 Leo),

107 1365 317 1406 gladiatores
335 1367 561 1405 uoluntarios,
577 1368 705 1408 quique
724 1367 803 1399 belli
823 1367 1014 1398 simulacris
1031 1367 1066 1398 in
1084 1376 1168 1407 pace
1186 1365 1412 1397 delectentur.
1455 1363 1550 1395 Vett.
1567 1362 1642 1393 Val.

107 1427 139 1458 p.
157 1418 196 1448 10
211 1418 253 1449 29
270 1420 430 1458 ἄρπαὙεσ,
450 1421 583 1458 φονικοί,
597 1418 700 1450 Basil.
714 1419 805 1450 hom.
819 1427 857 1449 VI
867 1419 903 1449 in
917 1418 994 1449 hex.
1012 1428 1045 1459 p.
1061 1419 1104 1449 55
1121 1427 1141 1449 C
1159 1417 1212 1448 ed.
1228 1416 1345 1454 Garn„
1361 1415 1466 1457 Mign.
1479 1417 1569 1456 patr.
1583 1412 1641 1445 Gr.

106 1476 196 1500 XXIX
221 1478 254 1510 p.
286 1470 348 1501 130
375 1478 407 1506 C,
437 1470 452 1500 ὀ
475 1472 677 1510 Σκορπιανὸσ
701 1472 850 1508 πλήκτησ
873 1471 922 1501 διὰ
950 1472 1006 1508 τὴν
1031 1471 1114 1510 πρὸσ·
1142 1471 1178 1500 τὸ
1207 1470 1312 1509 θηρίον
1342 1468 1488 1505 ὁμοίωσιν
1580 1464 1642 1496 217

106 1522 264 1557 scorpius
280 1519 354 1551 cod.
370 1519 474 1557 Flor.‚
486 1523 647 1558 scorpion
664 1524 746 1552 GLM
759 1520 834 1552 cod.
851 1520 1015 1557 Venetus,
1030 1523 1070 1551 ut
1084 1528 1111 1551 11
1128 1520 1192 1551 213
1208 1531 1215 1556 ;
1244 1518 1399 1557 scorpion
1415 1527 1478 1558 pro
1495 1515 1644 1555 scorpios

105 1580 185 1612 pars
206 1570 365 1602 codicum
385 1570 499 1602 Germ.
518 1571 643 1613 phaen.
663 1572 739 1609 548,
758 1572 834 1609 644,
853 1572 928 1608 660,
947 1570 1101 1610 Orpheon
1120 1581 1183 1612 pro
1205 1569 1351 1609 Orpheos
1370 1568 1470 1601 Ouid.
1492 1567 1545 1599 Ib.
1566 1567 1642 1604 600,

108 1620 202 1653 Ilion
212 1632 275 1663 pro
289 1621 374 1653 Ilios
387 1622 457 1653 her.
471 1623 549 1660 148,
562 1626 626 1654 art.
643 1632 656 1654 1
670 1624 746 1660 363,
764 1626 845 1654 met.
861 1632 924 1654 XIV
942 1623 1018 1659 467,
1034 1622 1093 1654 ubi
1113 1622 1157 1653 H.
1178 1621 1336 1662 Magnus,
1355 1623 1396 1652 ut
1413 1619 1483 1651 alta
1499 1621 1644 1649 crem-ata

103 1675 150 1704 cst
172 1672 266 1704 Ilion
285 1676 437 1711 tueatur,
458 1674 626 1706 adscribit
641 1684 684 1706 ex
705 1674 789 1705 Hor.
811 1674 911 1715 epod.
937 1675 976 1705 14
1009 1675 1048 1705 14
1077 1683 1247 1712 opace-sam
1280 1672 1372 1703 Ilion
1401 1670 1643 1702 accusatiuum

193 1728 334 1757 armata
351 1729 411 1762 GL,
429 1728 559 1757 armati
577 1729 610 1757 M
701 1726 846 1757 minima
863 1726 1059 1757 mutatione
1082 1724 1165 1756 Itali
1188 1727 1261 1755 tam
1280 1722 1504 1754 emendatam
1521 1720 1642 1752 effece-

105 1777 188 1807 runt
210 1778 247 1807 et
269 1777 463 1808 orationem
487 1780 523 1808 et
546 1777 757 1808 sententiam
775 1781 815 1808 ut
837 1778 1059 1818 importunae
1076 1777 1147 1807 sint
1168 1785 1281 1815 neque
1298 1774 1425 1806 adferri
1443 1774 1643 1805 mereantur

103 1827 323 1858 coniecturae
341 1837 362 1858 a
379 1827 538 1859 Bentleio
557 1827 711 1869 Heringa
724 1828 853 1859 Iacobo
868 1828 1023 1859 Breitero
1037 1827 1156 1859 Ellisio
1170 1827 1330 1858 certatim
1343 1825 1509 1866 prolatae.
1557 1833 1641 1855 nam

104 1886 148 1908 ne
163 1877 237 1908 iure
255 1878 433 1910 Bentleius
450 1879 518 1910 tria
534 1879 642 1910 uerba
652 1879 773 1910 eodem
786 1879 889 1911 modo
901 1879 1096 1910 desinentia
1107 1879 1323 1919 uituperasse
1335 1876 1497 1908 uideatur
1508 1874 1640 1907 cauebo

106 1928 151 1959 ad
177 1939 210 1960 u.
240 1929 304 1960 780
394 1930 457 1961 218
484 1930 546 1961 219
573 1930 734 1972 Scorpius
759 1930 892 1962 caudae
918 1930 1060 1971 cuspide
1086 1933 1215 1961 terram
1241 1929 1406 1960 sementis
1432 1937 1538 1958 causa
1563 1936 1641 1968 pro-

102 1979 258 2011 scindere
290 1980 442 2022 fingitur,
475 1992 579 2022 quem
604 1985 807 2013 transeunte
839 1982 920 2020 sole,
947 1992 1063 2013 mense
1089 1981 1280 2013 Nouembri
1305 1983 1386 2021 post
1411 1979 1640 2020 Vergiliarum

103 2040 276 2068 occasum,
291 2031 407 2073 fruges
423 2032 627 2074 plerumque
643 2033 848 2064 serebantur
862 2045 870 2070 ;
899 2033 996 2064 uelut
1011 2033 1142 2064 Plinius
1160 2032 1230 2063 n.h.
1246 2040 1340 2063 XVIII
1355 2031 1419 2062 200
1434 2031 1641 2062 Zoroastren

103 2083 317 2123 praecepisse
334 2083 420 2115 dicit
437 2087 473 2114 ut
489 2087 646 2115 sereretur
662 2108 669 2116 .
689 2108 696 2116 .
716 2109 723 2115 .
742 2085 808 2116 sole
824 2083 1021 2124 Scorpionis
1034 2092 1097 2115 XII
1108 2087 1219 2123 partes
1231 2086 1442 2122 transyresso.
1491 2081 1642 2122 Scaliger

104 2133 287 2165 contendit
319 2134 454 2176 sphaer.
491 2135 691 2177 Empedocl.
742 2136 868 2167 126—31
906 2138 981 2168 ὅταν
1016 2138 1048 2167 δὲ
1084 2137 1208 2166 Πλειὰο·
1244 2137 1332 2175 ὥριον
1370 2136 1471 2173 τεύχῃ
1505 2134 1637 2173 σπόρον,

100 2208 110 2215 .,
133 2209 139 2215 .
161 2209 168 2216 .
191 2187 324 2226 ὕπερθεν
342 2188 402 2225 ἤδη
419 2189 580 2227 Σκορπίοσ
596 2188 662 2218 τότ’
684 2188 820 2227 οἴχεται’
840 2186 1062 2230 Ισκορπίζεται
1079 2189 1142 2227 ’γὰρ
1159 2188 1251 2218 σῖτοσ
1269 2188 1318 2217 εἰσ
1341 2187 1456 2222 δόμουσ·
1477 2185 1610 2223 χθονὸσ,
1631 2182 1636 2226 Ι

105 2238 195 2268 ὅπωσ
225 2238 351 2269 τέλειοσ
379 2239 505 2278 καρπὸσ
537 2238 657 2278 αὐξηθῇ
689 2241 819 2278 βροτοῖσ
908 2238 972 2269 220
1007 2238 1091 2269 ordo
1124 2241 1178 2268 est
1213 2237 1345 2268 animos
1381 2236 1419 2267 in
1454 2235 1574 2266 bellum
1611 2237 1640 2266 et

105 2287 237 2319 Martia
271 2291 380 2319 castra
417 2290 575 2327 ardentis,
613 2293 654 2321 ut
689 2291 754 2321 225
790 2290 828 2321 in
863 2293 998 2321 mortem
1034 2292 1062 2321 et
1095 2288 1206 2329 funus
1240 2291 1342 2328 caput
1377 2287 1538 2324 uendunt,
1572 2287 1638 2317 252

103 2339 142 2370 in
179 2343 284 2371 uestes
312 2350 510 2382 mercemque
534 2341 685 2373 studium
775 2342 836 2373 221
865 2346 978 2374 multo
1003 2340 1078 2378 (ΞΠ,
1103 2345 1255 2372 multum
1281 2343 1349 2372 LM.
1396 2339 1462 2370 hoc
1489 2338 1637 2380 probare

101 2391 271 2423 sustinuit
290 2391 450 2430 Iacobus,
472 2393 569 2424 cuius
589 2392 750 2435 exemplo
771 2393 899 2424 Hosius
920 2393 1002 2424 Luc.
1017 2401 1071 2424 VII
1091 2393 1154 2424 317
1169 2394 1292 2432 quanto
1311 2391 1453 2423 satiauit
1471 2389 1638 2430 sanquine

98 2439 229 2481 serrum
254 2444 408 2484 corrupit
433 2444 543 2475 inlato
563 2454 606 2475 ex
632 2444 707 2475 cod.
732 2444 1038 2485 Montepessulano
1059 2447 1221 2484 quantum
1310 2446 1463 2475 mentem
1476 2441 1506 2478 *‚
1525 2444 1637 2473 ciuem

102 2492 191 2524 libri.
240 2495 324 2525 ciuis
340 2504 467 2526 nomen
484 2495 654 2526 absonum
671 2498 735 2533 est,
753 2496 808 2526 cui
824 2505 936 2536 neque
952 2496 1062 2526 inesse
1076 2498 1194 2536 potest
1210 2494 1290 2526 belli
1306 2494 1416 2526 ciuilis
1429 2492 1636 2534 significatio

103 2545 248 2586 (quippe
264 2546 371 2576 etiam
386 2549 530 2577 externo
548 2546 636 2578 bello
653 2557 787 2578 merens
804 2547 900 2578 miles
916 2547 1001 2578 ciuis
1017 2548 1085 2586 est)
1096 2549 1143 2584 et,
1155 2547 1183 2577 si
1199 2547 1338 2583 inesset,
1355 2555 1518 2587 peruersa
1532 2547 1634 2576 esset.

103 2599 201 2628 mtem
217 2596 326 2627 uideri
342 2598 459 2637 potuit
475 2598 593 2635 uicem,
610 2598 700 2629 uices
716 2601 835 2629 autem
850 2599 886 2629 in
905 2598 996 2629 ciues
1021 2598 1196 2629 conuertit
1212 2601 1237 2629 G
1252 2606 1295 2628 ΠΙ
1311 2598 1396 2628 544:
1420 2606 1637 2637 quamquam

99 2648 249 2680 fortasse
275 2648 442 2689 scriptum
468 2648 583 2680 fuerat
608 2649 873 2691 sanyuineulem,
891 2649 1016 2680 deinde
1042 2652 1130 2680 ntem
1154 2650 1268 2680 uisum
1294 2648 1394 2679 inem.
1441 2647 1637 2687 qaudentem

96 2699 267 2739 sanquine
292 2702 432 2731 mentem
457 2702 498 2731 ut
524 2700 576 2731 bis
604 2700 750 2733 Ouidius
774 2704 958 2732 tenerorum
984 2701 1075 2732 lusor
1098 2709 1260 2737 amorum,
1289 2699 1470 2730 Lucretius
1497 2698 1638 2730 uiolenti

101 2760 162 2790 per
180 2760 270 2782 mare
290 2750 392 2788 uenti,
413 2751 538 2782 similia
551 2751 608 2783 alii
698 2753 762 2783 223
781 2752 921 2791 capiunt
939 2755 979 2783 ut
992 2753 1058 2784 399
1074 2752 1214 2791 pelaqus
1228 2751 1353 2790 cepisse
1442 2755 1636 2789 peragrant

98 2801 176 2834 cod.
199 2801 363 2839 Venetus,
382 2802 472 2833 sicut
490 2803 684 2835 coniecerat
702 2803 841 2835 Ellisius
859 2803 1041 2834 Hermath.
1063 2803 1129 2834 uol.
1146 2812 1214 2834 VIII
1231 2813 1264 2844 p.
1285 2803 1362 2839 277,
1381 2806 1550 2840 pararant
1565 2806 1634 2839 LM,

104 2858 289 2892 pererrant
312 2853 386 2886 GL2.
432 2855 651 2895 comparauit
678 2854 722 2886 H.
753 2854 943 2887 Roeschius
970 2855 1006 2886 in
1026 2854 1270 2886 dissertatione
1295 2853 1442 2885 Kiliensi
1468 2853 1510 2885 de
1540 2853 1633 2886 Man.
