<?xml version="1.0" encoding="UTF-8"?>
<!DOCTYPE html PUBLIC "-//W3C//DTD XHTML 1.0 Transitional//EN"
    "http://www.w3.org/TR/xhtml1/DTD/xhtml1-transitional.dtd">
<html xmlns="http://www.w3.org/1999/xhtml" xml:lang="en" lang="en">
 <head>
  <title>
</title>
<meta http-equiv="Content-Type" content="text/html;charset=utf-8" />
  <meta name='ocr-system' content='tesseract 3.04.00' />
  <meta name='ocr-capabilities' content='ocr_page ocr_carea ocr_par ocr_line ocrx_word'/>
</head>
<body>
  <div class='ocr_page' id='page_1' title='image "astronomiconrece04maniuoft_0129.png"; bbox 0 0 1872 3183; ppageno 0'>
   <div class='ocr_carea' id='block_1_1' title="bbox 553 148 1601 192">
    <p class='ocr_par' dir='ltr' id='par_1_1' title="bbox 553 148 1601 192">
     <span class='ocr_line' id='line_1_1' title="bbox 553 148 1601 192; baseline -0.003 -1"><span class='ocrx_word' id='word_1_1' title='bbox 553 148 1040 192; x_wconf 85' lang='lat' dir='ltr'>ASTRONOMICON</span> <span class='ocrx_word' id='word_1_2' title='bbox 1070 148 1136 190; x_wconf 94' lang='lat' dir='ltr'>IV</span> <span class='ocrx_word' id='word_1_3' title='bbox 1525 151 1601 189; x_wconf 86' lang='lat'>101</span> 
     </span>
    </p>
   </div>
   <div class='ocr_carea' id='block_1_2' title="bbox 114 258 1390 759">
    <p class='ocr_par' dir='ltr' id='par_1_2' title="bbox 114 258 1390 610">
     <span class='ocr_line' id='line_1_2' title="bbox 114 258 1136 314; baseline 0.002 -16"><span class='ocrx_word' id='word_1_4' title='bbox 114 267 183 298; x_wconf 86' lang='lat'>760</span> <span class='ocrx_word' id='word_1_5' title='bbox 239 259 392 301; x_wconf 78' lang='lat' dir='ltr'>Idaeae</span> <span class='ocrx_word' id='word_1_6' title='bbox 412 259 558 301; x_wconf 89' lang='lat' dir='ltr'>matris</span> <span class='ocrx_word' id='word_1_7' title='bbox 578 258 761 301; x_wconf 80' lang='lat' dir='ltr'>famulus</span> <span class='ocrx_word' id='word_1_8' title='bbox 780 273 989 314; x_wconf 89' lang='lat' dir='ltr'>regnoque</span> <span class='ocrx_word' id='word_1_9' title='bbox 1009 258 1136 301; x_wconf 79' lang='lat' dir='ltr'>feroci</span> 
     </span>
     <span class='ocr_line' id='line_1_3' title="bbox 237 332 1390 389; baseline -0.003 -13"><span class='ocrx_word' id='word_1_10' title='bbox 237 333 538 389; x_wconf 83' lang='lat' dir='ltr'>Cappadocum</span> <span class='ocrx_word' id='word_1_11' title='bbox 556 333 861 388; x_wconf 83' lang='lat' dir='ltr'>Armeniaeque</span> <span class='ocrx_word' id='word_1_12' title='bbox 880 333 986 388; x_wconf 90' lang='lat' dir='ltr'>iugis</span> <span class='ocrx_word' id='word_1_13' title='bbox 1005 347 1013 383; x_wconf 81' lang='lat'><em>3</em></span> <span class='ocrx_word' id='word_1_14' title='bbox 1050 332 1253 387; x_wconf 88' lang='lat' dir='ltr'>Bithynia</span> <span class='ocrx_word' id='word_1_15' title='bbox 1273 332 1390 374; x_wconf 85' lang='lat' dir='ltr'>diues</span> 
     </span>
     <span class='ocr_line' id='line_1_4' title="bbox 239 406 1336 462; baseline -0.002 -13"><span class='ocrx_word' id='word_1_16' title='bbox 239 412 283 449; x_wconf 91' lang='lat' dir='ltr'>te</span> <span class='ocrx_word' id='word_1_17' title='bbox 301 407 402 449; x_wconf 87' lang='lat' dir='ltr'>colit</span> <span class='ocrx_word' id='word_1_18' title='bbox 421 412 464 449; x_wconf 87' lang='lat' dir='ltr'>et</span> <span class='ocrx_word' id='word_1_19' title='bbox 484 407 697 449; x_wconf 87' lang='lat' dir='ltr'>Macetum</span> <span class='ocrx_word' id='word_1_20' title='bbox 715 407 852 457; x_wconf 85' lang='lat' dir='ltr'>tellus,</span> <span class='ocrx_word' id='word_1_21' title='bbox 873 421 982 462; x_wconf 87' lang='lat' dir='ltr'>quae</span> <span class='ocrx_word' id='word_1_22' title='bbox 1000 407 1160 449; x_wconf 86' lang='lat' dir='ltr'>uicerat</span> <span class='ocrx_word' id='word_1_23' title='bbox 1180 406 1336 448; x_wconf 91' lang='lat' dir='ltr'>orbem.</span> 
     </span>
     <span class='ocr_line' id='line_1_5' title="bbox 240 481 1185 536; baseline 0 -14"><span class='ocrx_word' id='word_1_24' title='bbox 240 481 409 536; x_wconf 86' lang='lat' dir='ltr'>Virgine</span> <span class='ocrx_word' id='word_1_25' title='bbox 428 481 506 522; x_wconf 90' lang='lat' dir='ltr'>sub</span> <span class='ocrx_word' id='word_1_26' title='bbox 526 486 643 523; x_wconf 86' lang='lat' dir='ltr'>casta</span> <span class='ocrx_word' id='word_1_27' title='bbox 663 481 764 522; x_wconf 77' lang='lat' dir='ltr'>felix</span> <span class='ocrx_word' id='word_1_28' title='bbox 781 486 977 536; x_wconf 89' lang='lat' dir='ltr'>terraque</span> <span class='ocrx_word' id='word_1_29' title='bbox 997 481 1185 535; x_wconf 87' lang='lat' dir='ltr'>marique</span> 
     </span>
     <span class='ocr_line' id='line_1_6' title="bbox 241 554 1329 610; baseline -0.001 -14"><span class='ocrx_word' id='word_1_30' title='bbox 241 559 305 596; x_wconf 86' lang='lat' dir='ltr'>est</span> <span class='ocrx_word' id='word_1_31' title='bbox 325 554 511 605; x_wconf 85' lang='lat' dir='ltr'>Rhodos,</span> <span class='ocrx_word' id='word_1_32' title='bbox 532 555 763 610; x_wconf 73' lang='lat' dir='ltr'>hospitium</span> <span class='ocrx_word' id='word_1_33' title='bbox 782 554 936 596; x_wconf 85' lang='lat' dir='ltr'>recturi</span> <span class='ocrx_word' id='word_1_34' title='bbox 955 555 1153 610; x_wconf 89' lang='lat' dir='ltr'>principis</span> <span class='ocrx_word' id='word_1_35' title='bbox 1173 554 1329 603; x_wconf 87' lang='lat' dir='ltr'>orbem,</span> 
     </span>
    </p>

    <p class='ocr_par' dir='ltr' id='par_1_3' title="bbox 119 628 1334 759">
     <span class='ocr_line' id='line_1_7' title="bbox 119 628 1324 684; baseline 0.002 -18"><span class='ocrx_word' id='word_1_36' title='bbox 119 636 187 667; x_wconf 83' lang='lat'>765</span> <span class='ocrx_word' id='word_1_37' title='bbox 242 634 419 684; x_wconf 89' lang='lat' dir='ltr'>tumque</span> <span class='ocrx_word' id='word_1_38' title='bbox 439 629 589 670; x_wconf 89' lang='lat' dir='ltr'>domus</span> <span class='ocrx_word' id='word_1_39' title='bbox 609 644 706 670; x_wconf 91' lang='lat' dir='ltr'>uere</span> <span class='ocrx_word' id='word_1_40' title='bbox 725 628 843 678; x_wconf 83' lang='lat' dir='ltr'>Solis,</span> <span class='ocrx_word' id='word_1_41' title='bbox 865 629 932 671; x_wconf 90' lang='lat' dir='ltr'>cui</span> <span class='ocrx_word' id='word_1_42' title='bbox 951 634 1045 670; x_wconf 86' lang='lat' dir='ltr'>tota</span> <span class='ocrx_word' id='word_1_43' title='bbox 1064 634 1229 670; x_wconf 85' lang='lat' dir='ltr'>sacrata</span> <span class='ocrx_word' id='word_1_44' title='bbox 1249 633 1324 677; x_wconf 85' lang='lat' dir='ltr'>est,</span> 
     </span>
     <span class='ocr_line' id='line_1_8' title="bbox 242 702 1334 759; baseline -0.001 -15"><span class='ocrx_word' id='word_1_45' title='bbox 242 717 339 744; x_wconf 90' lang='lat' dir='ltr'>cum</span> <span class='ocrx_word' id='word_1_46' title='bbox 358 708 528 759; x_wconf 88' lang='lat' dir='ltr'>caperet</span> <span class='ocrx_word' id='word_1_47' title='bbox 546 702 689 745; x_wconf 92' lang='lat' dir='ltr'>lumen</span> <span class='ocrx_word' id='word_1_48' title='bbox 708 703 849 758; x_wconf 90' lang='lat' dir='ltr'>magni</span> <span class='ocrx_word' id='word_1_49' title='bbox 868 703 947 744; x_wconf 88' lang='lat' dir='ltr'>sub</span> <span class='ocrx_word' id='word_1_50' title='bbox 966 703 1140 744; x_wconf 82' lang='lat' dir='ltr'>Caesare</span> <span class='ocrx_word' id='word_1_51' title='bbox 1160 702 1307 744; x_wconf 88' lang='lat' dir='ltr'>mundi</span> <span class='ocrx_word' id='word_1_52' title='bbox 1327 717 1334 751; x_wconf 90' lang='grc'>;</span> 
     </span>
    </p>
   </div>
   <div class='ocr_carea' id='block_1_3' title="bbox 79 850 1625 2894">
    <p class='ocr_par' dir='ltr' id='par_1_4' title="bbox 79 850 1617 1046">
     <span class='ocr_line' id='line_1_9' title="bbox 79 850 1612 893; baseline -0.002 -10"><span class='ocrx_word' id='word_1_53' title='bbox 79 861 262 892; x_wconf 76' lang='lat' dir='ltr'>requoque;</span> <span class='ocrx_word' id='word_1_54' title='bbox 298 851 358 883; x_wconf 86' lang='lat' dir='ltr'>sed</span> <span class='ocrx_word' id='word_1_55' title='bbox 380 861 491 893; x_wconf 90' lang='lat' dir='ltr'>neque</span> <span class='ocrx_word' id='word_1_56' title='bbox 513 851 699 884; x_wconf 79' lang='lat' dir='ltr'>ferociendi</span> <span class='ocrx_word' id='word_1_57' title='bbox 721 852 867 884; x_wconf 92' lang='lat' dir='ltr'>uerbum</span> <span class='ocrx_word' id='word_1_58' title='bbox 885 861 996 893; x_wconf 90' lang='lat' dir='ltr'>neque</span> <span class='ocrx_word' id='word_1_59' title='bbox 1014 851 1094 883; x_wconf 90' lang='lat' dir='ltr'>inde</span> <span class='ocrx_word' id='word_1_60' title='bbox 1112 861 1298 893; x_wconf 86' lang='lat' dir='ltr'>suspensus</span> <span class='ocrx_word' id='word_1_61' title='bbox 1314 850 1508 882; x_wconf 84' lang='lat' dir='ltr'>infinitiuus</span> <span class='ocrx_word' id='word_1_62' title='bbox 1527 850 1612 881; x_wconf 82' lang='lat' dir='ltr'>satis</span> 
     </span>
     <span class='ocr_line' id='line_1_10' title="bbox 81 901 1611 944; baseline -0.001 -10"><span class='ocrx_word' id='word_1_63' title='bbox 81 905 184 934; x_wconf 89' lang='lat' dir='ltr'>caute</span> <span class='ocrx_word' id='word_1_64' title='bbox 207 902 348 934; x_wconf 89' lang='lat' dir='ltr'>Manilio</span> <span class='ocrx_word' id='word_1_65' title='bbox 366 902 574 935; x_wconf 78' lang='lat' dir='ltr'>adscribitur</span> <span class='ocrx_word' id='word_1_66' title='bbox 664 903 728 935; x_wconf 77' lang='lat'>760</span> <span class='ocrx_word' id='word_1_67' title='bbox 753 903 876 935; x_wconf 79' lang='lat' dir='ltr'>Idaeae</span> <span class='ocrx_word' id='word_1_68' title='bbox 892 903 1010 934; x_wconf 72' lang='lat' dir='ltr'>matris</span> <span class='ocrx_word' id='word_1_69' title='bbox 1026 903 1178 944; x_wconf 79' lang='lat' dir='ltr'>famulos</span> <span class='ocrx_word' id='word_1_70' title='bbox 1202 902 1374 934; x_wconf 77' lang='lat' dir='ltr'>Ciceronis</span> <span class='ocrx_word' id='word_1_71' title='bbox 1398 901 1506 933; x_wconf 90' lang='lat' dir='ltr'>uerba</span> <span class='ocrx_word' id='word_1_72' title='bbox 1530 905 1611 932; x_wconf 82' lang='lat' dir='ltr'>sunt</span> 
     </span>
     <span class='ocr_line' id='line_1_11' title="bbox 80 953 1545 996; baseline -0.001 -11"><span class='ocrx_word' id='word_1_73' title='bbox 80 953 123 985; x_wconf 92' lang='lat' dir='ltr'>de</span> <span class='ocrx_word' id='word_1_74' title='bbox 142 953 227 996; x_wconf 85' lang='lat' dir='ltr'>legg.</span> <span class='ocrx_word' id='word_1_75' title='bbox 247 963 276 986; x_wconf 89' lang='lat'>11</span> <span class='ocrx_word' id='word_1_76' title='bbox 295 955 337 985; x_wconf 83' lang='lat'>22</span> <span class='ocrx_word' id='word_1_77' title='bbox 353 966 361 992; x_wconf 89' lang='grc'>;</span> <span class='ocrx_word' id='word_1_78' title='bbox 388 954 544 995; x_wconf 79' lang='lat' dir='ltr'>famulus</span> <span class='ocrx_word' id='word_1_79' title='bbox 564 954 700 986; x_wconf 79' lang='lat' dir='ltr'>Dianae</span> <span class='ocrx_word' id='word_1_80' title='bbox 718 964 776 986; x_wconf 89' lang='lat' dir='ltr'>sus</span> <span class='ocrx_word' id='word_1_81' title='bbox 795 953 1005 996; x_wconf 84' lang='lat' dir='ltr'>Calydonius</span> <span class='ocrx_word' id='word_1_82' title='bbox 1025 954 1152 986; x_wconf 83' lang='lat' dir='ltr'>dicitur</span> <span class='ocrx_word' id='word_1_83' title='bbox 1172 953 1272 987; x_wconf 85' lang='lat' dir='ltr'>Ouid.</span> <span class='ocrx_word' id='word_1_84' title='bbox 1292 956 1373 985; x_wconf 83' lang='lat' dir='ltr'>met.</span> <span class='ocrx_word' id='word_1_85' title='bbox 1394 961 1462 985; x_wconf 84' lang='lat' dir='ltr'>vm</span> <span class='ocrx_word' id='word_1_86' title='bbox 1481 953 1545 984; x_wconf 86' lang='grc'>272</span> 
     </span>
     <span class='ocr_line' id='line_1_12' title="bbox 125 1004 1617 1046; baseline -0.002 -9"><span class='ocrx_word' id='word_1_87' title='bbox 125 1015 304 1044; x_wconf 86' lang='lat' dir='ltr'>regnoque</span> <span class='ocrx_word' id='word_1_88' title='bbox 328 1009 436 1038; x_wconf 83' lang='lat' dir='ltr'>feroci</span> <span class='ocrx_word' id='word_1_89' title='bbox 461 1005 650 1043; x_wconf 87' lang='lat' dir='ltr'>Bentleius,</span> <span class='ocrx_word' id='word_1_90' title='bbox 675 1009 845 1044; x_wconf 86' lang='lat' dir='ltr'>regnique</span> <span class='ocrx_word' id='word_1_91' title='bbox 870 1008 994 1038; x_wconf 84' lang='lat' dir='ltr'>ferocis</span> <span class='ocrx_word' id='word_1_92' title='bbox 1012 1005 1101 1046; x_wconf 77' lang='lat' dir='ltr'>(GL2,</span> <span class='ocrx_word' id='word_1_93' title='bbox 1118 1009 1251 1038; x_wconf 82' lang='lat' dir='ltr'>feroces</span> <span class='ocrx_word' id='word_1_94' title='bbox 1275 1006 1348 1044; x_wconf 87' lang='lat' dir='ltr'>LM)</span> <span class='ocrx_word' id='word_1_95' title='bbox 1370 1004 1447 1036; x_wconf 91' lang='lat' dir='ltr'>libri</span> <span class='ocrx_word' id='word_1_96' title='bbox 1473 1006 1617 1045; x_wconf 86' lang='lat' dir='ltr'>propter</span> 
     </span>
    </p>

    <p class='ocr_par' dir='ltr' id='par_1_5' title="bbox 81 1055 1614 1201">
     <span class='ocr_line' id='line_1_13' title="bbox 81 1055 1612 1099; baseline -0.001 -12"><span class='ocrx_word' id='word_1_97' title='bbox 81 1056 199 1088; x_wconf 77' lang='lat' dir='ltr'>matris</span> <span class='ocrx_word' id='word_1_98' title='bbox 216 1057 427 1098; x_wconf 86' lang='lat' dir='ltr'>genetiuum.</span> <span class='ocrx_word' id='word_1_99' title='bbox 476 1067 547 1089; x_wconf 90' lang='lat' dir='ltr'>non</span> <span class='ocrx_word' id='word_1_100' title='bbox 564 1057 650 1089; x_wconf 90' lang='lat' dir='ltr'>bene</span> <span class='ocrx_word' id='word_1_101' title='bbox 667 1057 957 1099; x_wconf 86' lang='lat' dir='ltr'>coniungerentur</span> <span class='ocrx_word' id='word_1_102' title='bbox 969 1057 1092 1097; x_wconf 75' lang='lat' dir='ltr'>potiris</span> <span class='ocrx_word' id='word_1_103' title='bbox 1110 1056 1199 1097; x_wconf 74' lang='lat' dir='ltr'>iuqis</span> <span class='ocrx_word' id='word_1_104' title='bbox 1225 1056 1318 1096; x_wconf 73' lang='lat' dir='ltr'>requi</span> <span class='ocrx_word' id='word_1_105' title='bbox 1330 1055 1453 1097; x_wconf 77' lang='lat' dir='ltr'>ferocis</span> <span class='ocrx_word' id='word_1_106' title='bbox 1477 1055 1612 1095; x_wconf 78' lang='lat' dir='ltr'>Cappa-</span> 
     </span>
     <span class='ocr_line' id='line_1_14' title="bbox 82 1106 1614 1150; baseline -0.001 -11"><span class='ocrx_word' id='word_1_107' title='bbox 82 1107 210 1146; x_wconf 83' lang='lat' dir='ltr'>docum,</span> <span class='ocrx_word' id='word_1_108' title='bbox 239 1108 380 1139; x_wconf 88' lang='lat' dir='ltr'>minime</span> <span class='ocrx_word' id='word_1_109' title='bbox 406 1111 524 1140; x_wconf 87' lang='lat' dir='ltr'>autem</span> <span class='ocrx_word' id='word_1_110' title='bbox 549 1108 732 1150; x_wconf 83' lang='lat' dir='ltr'>genetiuus</span> <span class='ocrx_word' id='word_1_111' title='bbox 756 1109 847 1140; x_wconf 89' lang='lat' dir='ltr'>inter</span> <span class='ocrx_word' id='word_1_112' title='bbox 872 1108 1020 1149; x_wconf 75' lang='lat' dir='ltr'>Phryqia</span> <span class='ocrx_word' id='word_1_113' title='bbox 1048 1111 1084 1139; x_wconf 90' lang='lat' dir='ltr'>et</span> <span class='ocrx_word' id='word_1_114' title='bbox 1111 1108 1201 1148; x_wconf 75' lang='lat' dir='ltr'>iuqis</span> <span class='ocrx_word' id='word_1_115' title='bbox 1227 1106 1360 1139; x_wconf 88' lang='lat' dir='ltr'>medius</span> <span class='ocrx_word' id='word_1_116' title='bbox 1387 1106 1432 1138; x_wconf 89' lang='lat' dir='ltr'>ad</span> <span class='ocrx_word' id='word_1_117' title='bbox 1456 1106 1614 1148; x_wconf 87' lang='lat' dir='ltr'>potiendi</span> 
     </span>
     <span class='ocr_line' id='line_1_15' title="bbox 83 1158 1515 1201; baseline -0.001 -11"><span class='ocrx_word' id='word_1_118' title='bbox 83 1158 230 1191; x_wconf 90' lang='lat' dir='ltr'>uerbum</span> <span class='ocrx_word' id='word_1_119' title='bbox 240 1159 357 1190; x_wconf 81' lang='lat' dir='ltr'>referri</span> <span class='ocrx_word' id='word_1_120' title='bbox 367 1163 484 1201; x_wconf 84' lang='lat' dir='ltr'>potest</span> <span class='ocrx_word' id='word_1_121' title='bbox 574 1160 635 1191; x_wconf 84' lang='grc'>’161</span> <span class='ocrx_word' id='word_1_122' title='bbox 655 1160 828 1200; x_wconf 76' lang='lat' dir='ltr'>Bithynia.</span> <span class='ocrx_word' id='word_1_123' title='bbox 864 1159 957 1191; x_wconf 82' lang='lat' dir='ltr'>Vett.</span> <span class='ocrx_word' id='word_1_124' title='bbox 971 1158 1045 1191; x_wconf 89' lang='lat' dir='ltr'>Val.</span> <span class='ocrx_word' id='word_1_125' title='bbox 1060 1170 1092 1201; x_wconf 92' lang='lat' dir='ltr'>p.</span> <span class='ocrx_word' id='word_1_126' title='bbox 1108 1160 1178 1191; x_wconf 90' lang='lat'>105</span> <span class='ocrx_word' id='word_1_127' title='bbox 1190 1161 1368 1199; x_wconf 75' lang='grc' dir='ltr'>ἐμπροσθια</span> <span class='ocrx_word' id='word_1_128' title='bbox 1386 1160 1515 1190; x_wconf 84' lang='grc' dir='ltr'>Βιθυνία</span> 
     </span>
    </p>

    <p class='ocr_par' dir='ltr' id='par_1_6' title="bbox 82 1209 1625 2533">
     <span class='ocr_line' id='line_1_16' title="bbox 172 1209 1615 1252; baseline -0.001 -11"><span class='ocrx_word' id='word_1_129' title='bbox 172 1210 236 1242; x_wconf 81' lang='grc'>762</span> <span class='ocrx_word' id='word_1_130' title='bbox 261 1210 442 1242; x_wconf 75' lang='lat' dir='ltr'>Macetum.</span> <span class='ocrx_word' id='word_1_131' title='bbox 494 1211 588 1243; x_wconf 75' lang='lat' dir='ltr'>Vett.</span> <span class='ocrx_word' id='word_1_132' title='bbox 607 1210 681 1243; x_wconf 85' lang='lat' dir='ltr'>Val.</span> <span class='ocrx_word' id='word_1_133' title='bbox 699 1211 781 1242; x_wconf 87' lang='lat' dir='ltr'>ibid.</span> <span class='ocrx_word' id='word_1_134' title='bbox 811 1213 897 1249; x_wconf 75' lang='grc' dir='ltr'>δεξιὰ</span> <span class='ocrx_word' id='word_1_135' title='bbox 923 1212 1116 1249; x_wconf 81' lang='grc' dir='ltr'><strong><em>Μακεδονία,</em></strong></span> <span class='ocrx_word' id='word_1_136' title='bbox 1148 1210 1261 1252; x_wconf 80' lang='lat' dir='ltr'>Heph.</span> <span class='ocrx_word' id='word_1_137' title='bbox 1290 1219 1303 1242; x_wconf 91' lang='grc' dir='ltr'>Ι</span> <span class='ocrx_word' id='word_1_138' title='bbox 1333 1211 1347 1241; x_wconf 92' lang='lat' dir='ltr'>l</span> <span class='ocrx_word' id='word_1_139' title='bbox 1377 1220 1410 1251; x_wconf 99' lang='grc' dir='ltr'>Ρ.</span> <span class='ocrx_word' id='word_1_140' title='bbox 1439 1210 1483 1241; x_wconf 83' lang='grc'>54</span> <span class='ocrx_word' id='word_1_141' title='bbox 1509 1209 1529 1240; x_wconf 88' lang='grc'>8</span> <span class='ocrx_word' id='word_1_142' title='bbox 1555 1210 1615 1239; x_wconf 78' lang='grc' dir='ltr'>ὑπὸ</span> 
     </span>
     <span class='ocr_line' id='line_1_17' title="bbox 82 1260 1619 1302; baseline -0.001 -10"><span class='ocrx_word' id='word_1_143' title='bbox 82 1262 141 1300; x_wconf 83' lang='grc' dir='ltr'>τὴν</span> <span class='ocrx_word' id='word_1_144' title='bbox 171 1263 292 1293; x_wconf 85' lang='grc' dir='ltr'>κοιλίαν</span> <span class='ocrx_word' id='word_1_145' title='bbox 320 1264 502 1293; x_wconf 83' lang='grc' dir='ltr'>Μακεδονία</span> <span class='ocrx_word' id='word_1_146' title='bbox 592 1262 742 1293; x_wconf 80' lang='grc'>763-768</span> <span class='ocrx_word' id='word_1_147' title='bbox 774 1262 810 1293; x_wconf 92' lang='lat' dir='ltr'>in</span> <span class='ocrx_word' id='word_1_148' title='bbox 842 1261 941 1293; x_wconf 86' lang='lat' dir='ltr'>terris</span> <span class='ocrx_word' id='word_1_149' title='bbox 967 1261 1099 1302; x_wconf 85' lang='lat' dir='ltr'>Virgini</span> <span class='ocrx_word' id='word_1_150' title='bbox 1124 1260 1347 1302; x_wconf 73' lang='lat' dir='ltr'>adsignandis</span> <span class='ocrx_word' id='word_1_151' title='bbox 1373 1261 1486 1291; x_wconf 76' lang='lat' dir='ltr'>minus</span> <span class='ocrx_word' id='word_1_152' title='bbox 1512 1263 1619 1301; x_wconf 86' lang='lat' dir='ltr'>poeta</span> 
     </span>
     <span class='ocr_line' id='line_1_18' title="bbox 83 1312 1616 1354; baseline -0.001 -10"><span class='ocrx_word' id='word_1_153' title='bbox 83 1322 190 1353; x_wconf 86' lang='lat' dir='ltr'>quam</span> <span class='ocrx_word' id='word_1_154' title='bbox 220 1312 307 1344; x_wconf 87' lang='lat' dir='ltr'>solet</span> <span class='ocrx_word' id='word_1_155' title='bbox 335 1323 415 1344; x_wconf 88' lang='lat' dir='ltr'>cum</span> <span class='ocrx_word' id='word_1_156' title='bbox 444 1313 565 1345; x_wconf 85' lang='lat' dir='ltr'>ceteris</span> <span class='ocrx_word' id='word_1_157' title='bbox 595 1313 778 1354; x_wconf 88' lang='lat' dir='ltr'>discrepat.</span> <span class='ocrx_word' id='word_1_158' title='bbox 827 1312 972 1344; x_wconf 89' lang='lat' dir='ltr'>Doroth.</span> <span class='ocrx_word' id='word_1_159' title='bbox 1004 1312 1157 1345; x_wconf 43' lang='lat' dir='ltr'>CNJGAG</span> <span class='ocrx_word' id='word_1_160' title='bbox 1194 1321 1232 1344; x_wconf 84' lang='lat' dir='ltr'>VI</span> <span class='ocrx_word' id='word_1_161' title='bbox 1262 1322 1294 1353; x_wconf 92' lang='lat' dir='ltr'>p.</span> <span class='ocrx_word' id='word_1_162' title='bbox 1321 1313 1364 1343; x_wconf 85' lang='lat'>94</span> <span class='ocrx_word' id='word_1_163' title='bbox 1387 1312 1473 1343; x_wconf 86' lang='lat'>50—3</span> <span class='ocrx_word' id='word_1_164' title='bbox 1499 1314 1535 1342; x_wconf 88' lang='lat' dir='ltr'>et</span> <span class='ocrx_word' id='word_1_165' title='bbox 1561 1321 1616 1352; x_wconf 88' lang='lat' dir='ltr'>ap.</span> 
     </span>
     <span class='ocr_line' id='line_1_19' title="bbox 84 1361 1618 1406; baseline -0.002 -10"><span class='ocrx_word' id='word_1_166' title='bbox 84 1363 197 1405; x_wconf 81' lang='lat' dir='ltr'>Heph.</span> <span class='ocrx_word' id='word_1_167' title='bbox 223 1374 256 1405; x_wconf 90' lang='lat' dir='ltr'>p.</span> <span class='ocrx_word' id='word_1_168' title='bbox 282 1366 324 1396; x_wconf 90' lang='lat'>55</span> <span class='ocrx_word' id='word_1_169' title='bbox 350 1366 456 1396; x_wconf 85' lang='grc'>17-20</span> <span class='ocrx_word' id='word_1_170' title='bbox 478 1365 518 1404; x_wconf 81' lang='grc' dir='ltr'>τῇ</span> <span class='ocrx_word' id='word_1_171' title='bbox 536 1365 561 1396; x_wconf 85' lang='grc' dir='ltr'>δ’</span> <span class='ocrx_word' id='word_1_172' title='bbox 579 1366 639 1396; x_wconf 83' lang='grc' dir='ltr'>ὑπὸ</span> <span class='ocrx_word' id='word_1_173' title='bbox 655 1367 744 1396; x_wconf 82' lang='grc' dir='ltr'>πᾶσα</span> <span class='ocrx_word' id='word_1_174' title='bbox 758 1365 868 1396; x_wconf 80' lang='grc' dir='ltr'>Ρὸδοσ</span> <span class='ocrx_word' id='word_1_175' title='bbox 891 1367 942 1395; x_wconf 83' lang='grc' dir='ltr'>καὶ</span> <span class='ocrx_word' id='word_1_176' title='bbox 969 1366 1139 1396; x_wconf 80' lang='grc' dir='ltr'>Κικλάδεσ</span> <span class='ocrx_word' id='word_1_177' title='bbox 1157 1366 1283 1403; x_wconf 75' lang='grc' dir='ltr'>ἄμμιγα</span> <span class='ocrx_word' id='word_1_178' title='bbox 1306 1365 1395 1401; x_wconf 85' lang='grc' dir='ltr'>νῆσοι</span> <span class='ocrx_word' id='word_1_179' title='bbox 1419 1361 1424 1406; x_wconf 78' lang='grc' dir='ltr'>Ι</span> <span class='ocrx_word' id='word_1_180' title='bbox 1445 1365 1497 1394; x_wconf 85' lang='grc' dir='ltr'>καὶ</span> <span class='ocrx_word' id='word_1_181' title='bbox 1525 1365 1618 1403; x_wconf 84' lang='grc' dir='ltr'>δρύεσ</span> 
     </span>
     <span class='ocr_line' id='line_1_20' title="bbox 80 1411 1618 1457; baseline -0.001 -9.986"><span class='ocrx_word' id='word_1_182' title='bbox 80 1413 228 1455; x_wconf 66' lang='grc' dir='ltr'>Ὠγύγιαι</span> <span class='ocrx_word' id='word_1_183' title='bbox 253 1417 295 1447; x_wconf 84' lang='grc' dir='ltr'>ἂσ·</span> <span class='ocrx_word' id='word_1_184' title='bbox 322 1415 477 1457; x_wconf 82' lang='grc' dir='ltr'>Ἀρκάδεσ</span> <span class='ocrx_word' id='word_1_185' title='bbox 498 1418 613 1457; x_wconf 79' lang='grc' dir='ltr'>ἄνδρεο·</span> <span class='ocrx_word' id='word_1_186' title='bbox 642 1418 771 1447; x_wconf 80' lang='grc' dir='ltr'>ἕδεσκον</span> <span class='ocrx_word' id='word_1_187' title='bbox 791 1416 795 1457; x_wconf 79' lang='grc' dir='ltr'>Ι</span> <span class='ocrx_word' id='word_1_188' title='bbox 817 1418 869 1447; x_wconf 74' lang='grc' dir='ltr'>καὶ.</span> <span class='ocrx_word' id='word_1_189' title='bbox 899 1417 1104 1456; x_wconf 82' lang='grc' dir='ltr'>βαθυδινήεισ</span> <span class='ocrx_word' id='word_1_190' title='bbox 1128 1428 1163 1446; x_wconf 84' lang='grc' dir='ltr'>τε</span> <span class='ocrx_word' id='word_1_191' title='bbox 1191 1416 1298 1455; x_wconf 76' lang='grc' dir='ltr'>μέγασ</span> <span class='ocrx_word' id='word_1_192' title='bbox 1325 1415 1401 1455; x_wconf 84' lang='grc' dir='ltr'>ρόοσ</span> <span class='ocrx_word' id='word_1_193' title='bbox 1429 1414 1589 1445; x_wconf 78' lang='grc' dir='ltr'>Ὠκεανοῖο</span> <span class='ocrx_word' id='word_1_194' title='bbox 1611 1411 1618 1456; x_wconf 77' lang='grc' dir='ltr'><strong>Ῑ</strong></span> 
     </span>
     <span class='ocr_line' id='line_1_21' title="bbox 85 1465 1621 1507; baseline -0.001 -10"><span class='ocrx_word' id='word_1_195' title='bbox 85 1468 137 1497; x_wconf 79' lang='grc' dir='ltr'>καὶ</span> <span class='ocrx_word' id='word_1_196' title='bbox 154 1466 239 1504; x_wconf 81' lang='grc' dir='ltr'>κλίμ’</span> <span class='ocrx_word' id='word_1_197' title='bbox 257 1466 419 1507; x_wconf 84' lang='grc' dir='ltr'>Ἀχαιικὸν</span> <span class='ocrx_word' id='word_1_198' title='bbox 440 1469 518 1507; x_wconf 74' lang='grc' dir='ltr'>ἔσχε</span> <span class='ocrx_word' id='word_1_199' title='bbox 534 1468 721 1499; x_wconf 88' lang='grc' dir='ltr'>Λακωνίδοο·</span> <span class='ocrx_word' id='word_1_200' title='bbox 736 1469 792 1505; x_wconf 77' lang='grc' dir='ltr'>ἠδὲ</span> <span class='ocrx_word' id='word_1_201' title='bbox 808 1468 977 1505; x_wconf 81' lang='grc' dir='ltr'>Λακώνων,</span> <span class='ocrx_word' id='word_1_202' title='bbox 1000 1466 1096 1498; x_wconf 86' lang='lat' dir='ltr'>Paul.</span> <span class='ocrx_word' id='word_1_203' title='bbox 1118 1465 1215 1498; x_wconf 82' lang='lat' dir='ltr'>Alex.</span> <span class='ocrx_word' id='word_1_204' title='bbox 1236 1465 1266 1497; x_wconf 91' lang='lat' dir='ltr'>A</span> <span class='ocrx_word' id='word_1_205' title='bbox 1285 1465 1305 1497; x_wconf 88' lang='grc'><strong>3</strong></span> <span class='ocrx_word' id='word_1_206' title='bbox 1322 1468 1423 1497; x_wconf 84' lang='grc' dir='ltr'>κεῖται</span> <span class='ocrx_word' id='word_1_207' title='bbox 1441 1467 1474 1497; x_wconf 76' lang='grc' dir='ltr'>δὲ</span> <span class='ocrx_word' id='word_1_208' title='bbox 1491 1467 1621 1503; x_wconf 84' lang='grc' dir='ltr'>κλίματι</span> 
     </span>
     <span class='ocr_line' id='line_1_22' title="bbox 84 1516 1616 1559; baseline -0.001 -10"><span class='ocrx_word' id='word_1_209' title='bbox 84 1519 148 1556; x_wconf 85' lang='grc' dir='ltr'>τῆσ</span> <span class='ocrx_word' id='word_1_210' title='bbox 180 1517 341 1550; x_wconf 81' lang='grc' dir='ltr'>Ἑλλάδοσ</span> <span class='ocrx_word' id='word_1_211' title='bbox 373 1521 424 1550; x_wconf 86' lang='grc' dir='ltr'>καὶ</span> <span class='ocrx_word' id='word_1_212' title='bbox 455 1518 597 1557; x_wconf 86' lang='grc' dir='ltr'>Ἰωνίασ,</span> <span class='ocrx_word' id='word_1_213' title='bbox 632 1517 722 1550; x_wconf 80' lang='lat' dir='ltr'>Ptol.</span> <span class='ocrx_word' id='word_1_214' title='bbox 753 1520 833 1550; x_wconf 75' lang='lat' dir='ltr'>tetr.</span> <span class='ocrx_word' id='word_1_215' title='bbox 864 1528 898 1559; x_wconf 89' lang='lat' dir='ltr'>p.</span> <span class='ocrx_word' id='word_1_216' title='bbox 931 1518 971 1549; x_wconf 83' lang='grc'>73</span> <span class='ocrx_word' id='word_1_217' title='bbox 1000 1518 1068 1558; x_wconf 83' lang='lat' dir='ltr'>(ed.</span> <span class='ocrx_word' id='word_1_218' title='bbox 1103 1518 1202 1556; x_wconf 85' lang='lat'>1553)</span> <span class='ocrx_word' id='word_1_219' title='bbox 1231 1519 1383 1558; x_wconf 83' lang='grc' dir='ltr'>Παρθένῳ</span> <span class='ocrx_word' id='word_1_220' title='bbox 1404 1542 1410 1549; x_wconf 91' lang='grc'><strong>.</strong></span> <span class='ocrx_word' id='word_1_221' title='bbox 1431 1542 1438 1548; x_wconf 91' lang='grc'><strong>.</strong></span> <span class='ocrx_word' id='word_1_222' title='bbox 1457 1542 1464 1548; x_wconf 89' lang='grc'><strong>.</strong></span> <span class='ocrx_word' id='word_1_223' title='bbox 1480 1516 1616 1555; x_wconf 75' lang='grc' dir='ltr'>Ελλὰσ,</span> 
     </span>
     <span class='ocr_line' id='line_1_23' title="bbox 85 1569 1622 1610; baseline -0.001 -10"><span class='ocrx_word' id='word_1_224' title='bbox 85 1570 229 1609; x_wconf 85' lang='grc' dir='ltr'>Ἀχαιία,</span> <span class='ocrx_word' id='word_1_225' title='bbox 246 1569 360 1610; x_wconf 87' lang='lat' dir='ltr'>Heph.</span> <span class='ocrx_word' id='word_1_226' title='bbox 388 1579 401 1601; x_wconf 94' lang='lat'>1</span> <span class='ocrx_word' id='word_1_227' title='bbox 430 1570 443 1600; x_wconf 92' lang='lat' dir='ltr'>l</span> <span class='ocrx_word' id='word_1_228' title='bbox 464 1579 497 1610; x_wconf 89' lang='grc' dir='ltr'>Ρ.</span> <span class='ocrx_word' id='word_1_229' title='bbox 524 1571 569 1602; x_wconf 84' lang='grc'>55</span> <span class='ocrx_word' id='word_1_230' title='bbox 594 1570 680 1601; x_wconf 82' lang='grc'>21-5</span> <span class='ocrx_word' id='word_1_231' title='bbox 706 1572 787 1601; x_wconf 85' lang='grc' dir='ltr'>κατὰ</span> <span class='ocrx_word' id='word_1_232' title='bbox 811 1572 869 1608; x_wconf 81' lang='grc' dir='ltr'>μὲν</span> <span class='ocrx_word' id='word_1_233' title='bbox 896 1572 949 1601; x_wconf 89' lang='grc' dir='ltr'>τὸν</span> <span class='ocrx_word' id='word_1_234' title='bbox 975 1571 1074 1601; x_wconf 80' lang='grc' dir='ltr'>νῶτον</span> <span class='ocrx_word' id='word_1_235' title='bbox 1101 1570 1218 1608; x_wconf 85' lang='grc' dir='ltr'>Ἰωνία,</span> <span class='ocrx_word' id='word_1_236' title='bbox 1247 1570 1328 1600; x_wconf 84' lang='grc' dir='ltr'>κατὰ</span> <span class='ocrx_word' id='word_1_237' title='bbox 1355 1571 1388 1599; x_wconf 78' lang='grc' dir='ltr'>δὲ</span> <span class='ocrx_word' id='word_1_238' title='bbox 1412 1570 1453 1599; x_wconf 82' lang='grc' dir='ltr'>τὰ</span> <span class='ocrx_word' id='word_1_239' title='bbox 1478 1570 1561 1605; x_wconf 79' lang='grc' dir='ltr'>μέσα</span> <span class='ocrx_word' id='word_1_240' title='bbox 1587 1570 1622 1606; x_wconf 75' lang='grc' dir='ltr'>ἐξ</span> 
     </span>
     <span class='ocr_line' id='line_1_24' title="bbox 85 1620 1566 1661; baseline -0.001 -9"><span class='ocrx_word' id='word_1_241' title='bbox 85 1622 257 1661; x_wconf 81' lang='grc' dir='ltr'>ἀριστερῶν</span> <span class='ocrx_word' id='word_1_242' title='bbox 287 1621 407 1660; x_wconf 83' lang='grc' dir='ltr'>Ῥόδοσ,</span> <span class='ocrx_word' id='word_1_243' title='bbox 442 1623 702 1659; x_wconf 85' lang='grc' dir='ltr'>Πελοπόννησοσ,</span> <span class='ocrx_word' id='word_1_244' title='bbox 734 1623 814 1652; x_wconf 85' lang='grc' dir='ltr'>κατὰ</span> <span class='ocrx_word' id='word_1_245' title='bbox 847 1623 880 1652; x_wconf 79' lang='grc' dir='ltr'>δὲ</span> <span class='ocrx_word' id='word_1_246' title='bbox 908 1623 945 1652; x_wconf 90' lang='grc' dir='ltr'>τὸ</span> <span class='ocrx_word' id='word_1_247' title='bbox 972 1623 1074 1661; x_wconf 80' lang='grc' dir='ltr'>σύρμα</span> <span class='ocrx_word' id='word_1_248' title='bbox 1104 1624 1137 1659; x_wconf 78' lang='grc' dir='ltr'>ἐξ</span> <span class='ocrx_word' id='word_1_249' title='bbox 1161 1622 1332 1660; x_wconf 78' lang='grc' dir='ltr'>ἀριστερῶν</span> <span class='ocrx_word' id='word_1_250' title='bbox 1362 1620 1512 1659; x_wconf 87' lang='grc' dir='ltr'>Ἀρκαδία</span> <span class='ocrx_word' id='word_1_251' title='bbox 1532 1644 1540 1651; x_wconf 93' lang='grc'><strong>.</strong></span> <span class='ocrx_word' id='word_1_252' title='bbox 1559 1642 1566 1649; x_wconf 92' lang='grc'><strong>.</strong></span> 
     </span>
     <span class='ocr_line' id='line_1_25' title="bbox 86 1670 1620 1714; baseline -0.001 -11"><span class='ocrx_word' id='word_1_253' title='bbox 86 1673 167 1703; x_wconf 87' lang='grc' dir='ltr'>κατὰ</span> <span class='ocrx_word' id='word_1_254' title='bbox 193 1674 251 1710; x_wconf 81' lang='grc' dir='ltr'>τὴν</span> <span class='ocrx_word' id='word_1_255' title='bbox 278 1674 381 1710; x_wconf 79' lang='grc' dir='ltr'>δεξιὰν</span> <span class='ocrx_word' id='word_1_256' title='bbox 407 1675 498 1714; x_wconf 83' lang='grc' dir='ltr'>χεῖρα</span> <span class='ocrx_word' id='word_1_257' title='bbox 523 1675 640 1713; x_wconf 87' lang='grc' dir='ltr'>Δωρίσ.</span> <span class='ocrx_word' id='word_1_258' title='bbox 731 1671 826 1714; x_wconf 87' lang='lat' dir='ltr'>apud</span> <span class='ocrx_word' id='word_1_259' title='bbox 844 1671 1026 1703; x_wconf 79' lang='lat' dir='ltr'>Valentem</span> <span class='ocrx_word' id='word_1_260' title='bbox 1052 1675 1164 1703; x_wconf 84' lang='lat' dir='ltr'>terrae</span> <span class='ocrx_word' id='word_1_261' title='bbox 1181 1671 1313 1713; x_wconf 77' lang='lat' dir='ltr'>Virgini</span> <span class='ocrx_word' id='word_1_262' title='bbox 1336 1670 1460 1702; x_wconf 82' lang='lat' dir='ltr'>Librae</span> <span class='ocrx_word' id='word_1_263' title='bbox 1478 1670 1620 1711; x_wconf 87' lang='lat' dir='ltr'>Scorpio</span> 
     </span>
     <span class='ocr_line' id='line_1_26' title="bbox 86 1721 1620 1764; baseline -0.001 -10"><span class='ocrx_word' id='word_1_264' title='bbox 86 1723 275 1764; x_wconf 75' lang='lat' dir='ltr'>Sagittario</span> <span class='ocrx_word' id='word_1_265' title='bbox 305 1723 458 1755; x_wconf 89' lang='lat' dir='ltr'>tributae</span> <span class='ocrx_word' id='word_1_266' title='bbox 488 1723 728 1755; x_wconf 84' lang='lat' dir='ltr'>desiderantur</span> <span class='ocrx_word' id='word_1_267' title='bbox 840 1723 904 1754; x_wconf 81' lang='lat'>763</span> <span class='ocrx_word' id='word_1_268' title='bbox 948 1726 1039 1754; x_wconf 85' lang='lat' dir='ltr'>mari</span> <span class='ocrx_word' id='word_1_269' title='bbox 1085 1722 1160 1759; x_wconf 82' lang='lat' dir='ltr'><strong>GL²‚</strong></span> <span class='ocrx_word' id='word_1_270' title='bbox 1201 1725 1345 1754; x_wconf 85' lang='lat' dir='ltr'>maioris</span> <span class='ocrx_word' id='word_1_271' title='bbox 1385 1726 1443 1754; x_wconf 66' lang='grc' dir='ltr'>ΒΜ</span> <span class='ocrx_word' id='word_1_272' title='bbox 1557 1721 1620 1753; x_wconf 81' lang='lat'>764</span> 
     </span>
     <span class='ocr_line' id='line_1_27' title="bbox 87 1774 1620 1814; baseline -0.002 -8"><span class='ocrx_word' id='word_1_273' title='bbox 87 1778 220 1807; x_wconf 78' lang='lat' dir='ltr'>recturi</span> <span class='ocrx_word' id='word_1_274' title='bbox 248 1774 323 1812; x_wconf 58' lang='grc' dir='ltr'>(ΗΡ,</span> <span class='ocrx_word' id='word_1_275' title='bbox 353 1779 514 1806; x_wconf 81' lang='lat' dir='ltr'>recturae</span> <span class='ocrx_word' id='word_1_276' title='bbox 546 1778 580 1812; x_wconf 89' lang='lat' dir='ltr'>L,</span> <span class='ocrx_word' id='word_1_277' title='bbox 609 1779 771 1806; x_wconf 78' lang='lat' dir='ltr'>rectuare</span> <span class='ocrx_word' id='word_1_278' title='bbox 804 1777 850 1807; x_wconf 88' lang='lat' dir='ltr'>M.</span> <span class='ocrx_word' id='word_1_279' title='bbox 896 1774 1027 1811; x_wconf 80' lang='lat' dir='ltr'>recturi,</span> <span class='ocrx_word' id='word_1_280' title='bbox 1061 1774 1121 1814; x_wconf 90' lang='lat' dir='ltr'>qui</span> <span class='ocrx_word' id='word_1_281' title='bbox 1152 1777 1308 1805; x_wconf 83' lang='lat' dir='ltr'>recturus</span> <span class='ocrx_word' id='word_1_282' title='bbox 1349 1776 1435 1810; x_wconf 86' lang='lat' dir='ltr'>erat,</span> <span class='ocrx_word' id='word_1_283' title='bbox 1478 1775 1620 1814; x_wconf 86' lang='lat' dir='ltr'>regente</span> 
     </span>
     <span class='ocr_line' id='line_1_28' title="bbox 87 1824 1619 1867; baseline -0.002 -10"><span class='ocrx_word' id='word_1_284' title='bbox 87 1825 179 1858; x_wconf 89' lang='lat' dir='ltr'>enim</span> <span class='ocrx_word' id='word_1_285' title='bbox 221 1826 340 1858; x_wconf 91' lang='lat' dir='ltr'>orbem</span> <span class='ocrx_word' id='word_1_286' title='bbox 380 1826 515 1858; x_wconf 87' lang='lat' dir='ltr'>Tiberio</span> <span class='ocrx_word' id='word_1_287' title='bbox 557 1826 640 1857; x_wconf 86' lang='lat' dir='ltr'>haec</span> <span class='ocrx_word' id='word_1_288' title='bbox 682 1826 812 1867; x_wconf 86' lang='lat' dir='ltr'>scripta</span> <span class='ocrx_word' id='word_1_289' title='bbox 848 1835 921 1857; x_wconf 90' lang='lat' dir='ltr'>esse</span> <span class='ocrx_word' id='word_1_290' title='bbox 964 1835 1046 1857; x_wconf 87' lang='lat' dir='ltr'>mox</span> <span class='ocrx_word' id='word_1_291' title='bbox 1087 1824 1279 1867; x_wconf 81' lang='lat' dir='ltr'>apparebit.</span> <span class='ocrx_word' id='word_1_292' title='bbox 1323 1835 1402 1856; x_wconf 88' lang='lat' dir='ltr'>eum</span> <span class='ocrx_word' id='word_1_293' title='bbox 1439 1826 1526 1862; x_wconf 86' lang='grc' dir='ltr'>Ζῆνα</span> <span class='ocrx_word' id='word_1_294' title='bbox 1565 1826 1619 1855; x_wconf 85' lang='grc' dir='ltr'>τὸν</span> 
     </span>
     <span class='ocr_line' id='line_1_29' title="bbox 88 1875 1618 1919; baseline -0.003 -10"><span class='ocrx_word' id='word_1_295' title='bbox 88 1879 261 1916; x_wconf 82' lang='grc' dir='ltr'>ἐσσόμενον</span> <span class='ocrx_word' id='word_1_296' title='bbox 294 1877 485 1918; x_wconf 89' lang='lat' dir='ltr'>appellauit</span> <span class='ocrx_word' id='word_1_297' title='bbox 520 1876 744 1919; x_wconf 89' lang='lat' dir='ltr'>Apollonides</span> <span class='ocrx_word' id='word_1_298' title='bbox 776 1877 811 1908; x_wconf 89' lang='lat' dir='ltr'>in</span> <span class='ocrx_word' id='word_1_299' title='bbox 844 1877 1096 1918; x_wconf 82' lang='lat' dir='ltr'>epigrammate</span> <span class='ocrx_word' id='word_1_300' title='bbox 1119 1887 1139 1907; x_wconf 90' lang='lat' dir='ltr'>a</span> <span class='ocrx_word' id='word_1_301' title='bbox 1167 1875 1338 1917; x_wconf 87' lang='lat' dir='ltr'>Scaligero</span> <span class='ocrx_word' id='word_1_302' title='bbox 1373 1875 1492 1908; x_wconf 87' lang='lat' dir='ltr'>adlato</span> <span class='ocrx_word' id='word_1_303' title='bbox 1520 1875 1618 1907; x_wconf 85' lang='lat' dir='ltr'>anth.</span> 
     </span>
     <span class='ocr_line' id='line_1_30' title="bbox 89 1926 1621 1969; baseline -0.002 -10"><span class='ocrx_word' id='word_1_304' title='bbox 89 1927 161 1960; x_wconf 90' lang='lat' dir='ltr'>Pal.</span> <span class='ocrx_word' id='word_1_305' title='bbox 194 1937 232 1959; x_wconf 87' lang='lat' dir='ltr'>1x</span> <span class='ocrx_word' id='word_1_306' title='bbox 272 1929 336 1959; x_wconf 88' lang='grc'>287</span> <span class='ocrx_word' id='word_1_307' title='bbox 375 1927 418 1959; x_wconf 91' lang='lat' dir='ltr'>de</span> <span class='ocrx_word' id='word_1_308' title='bbox 448 1927 564 1969; x_wconf 88' lang='lat' dir='ltr'>aquila</span> <span class='ocrx_word' id='word_1_309' title='bbox 599 1927 715 1959; x_wconf 87' lang='lat' dir='ltr'>Rhodi</span> <span class='ocrx_word' id='word_1_310' title='bbox 746 1928 822 1959; x_wconf 86' lang='lat' dir='ltr'>uisa</span> <span class='ocrx_word' id='word_1_311' title='bbox 854 1927 985 1959; x_wconf 81' lang='grc' dir='ltr'>Ἠελίου</span> <span class='ocrx_word' id='word_1_312' title='bbox 1018 1930 1114 1966; x_wconf 81' lang='grc' dir='ltr'>νῆσον</span> <span class='ocrx_word' id='word_1_313' title='bbox 1141 1928 1186 1959; x_wconf 81' lang='grc' dir='ltr'>ὅτ’</span> <span class='ocrx_word' id='word_1_314' title='bbox 1213 1929 1280 1967; x_wconf 75' lang='grc' dir='ltr'>εἶχε</span> <span class='ocrx_word' id='word_1_315' title='bbox 1314 1928 1422 1967; x_wconf 77' lang='grc' dir='ltr'>Νέρων</span> <span class='ocrx_word' id='word_1_316' title='bbox 1558 1926 1621 1957; x_wconf 81' lang='grc'>765</span> 
     </span>
     <span class='ocr_line' id='line_1_31' title="bbox 87 1977 1621 2019; baseline -0.002 -8"><span class='ocrx_word' id='word_1_317' title='bbox 87 1984 166 2012; x_wconf 81' lang='lat' dir='ltr'>tum</span> <span class='ocrx_word' id='word_1_318' title='bbox 200 1978 388 2016; x_wconf 79' lang='lat' dir='ltr'>Bentleius,</span> <span class='ocrx_word' id='word_1_319' title='bbox 416 1984 457 2011; x_wconf 78' lang='lat' dir='ltr'>tu</span> <span class='ocrx_word' id='word_1_320' title='bbox 490 1979 577 2016; x_wconf 89' lang='lat' dir='ltr'>libri,</span> <span class='ocrx_word' id='word_1_321' title='bbox 609 1989 678 2019; x_wconf 92' lang='lat' dir='ltr'>quo</span> <span class='ocrx_word' id='word_1_322' title='bbox 708 1982 846 2010; x_wconf 84' lang='lat' dir='ltr'>seruato</span> <span class='ocrx_word' id='word_1_323' title='bbox 881 1978 1079 2010; x_wconf 86' lang='lat' dir='ltr'>scribebant</span> <span class='ocrx_word' id='word_1_324' title='bbox 1105 1989 1138 2010; x_wconf 77' lang='lat' dir='ltr'>es</span> <span class='ocrx_word' id='word_1_325' title='bbox 1166 1978 1233 2019; x_wconf 76' lang='lat' dir='ltr'>(L2)</span> <span class='ocrx_word' id='word_1_326' title='bbox 1261 1977 1394 2010; x_wconf 73' lang='lat' dir='ltr'>Rhodos</span> <span class='ocrx_word' id='word_1_327' title='bbox 1410 2002 1417 2009; x_wconf 92' lang='lat'>.</span> <span class='ocrx_word' id='word_1_328' title='bbox 1437 2002 1444 2009; x_wconf 94' lang='lat'>.</span> <span class='ocrx_word' id='word_1_329' title='bbox 1464 2001 1471 2008; x_wconf 96' lang='lat'>.</span> <span class='ocrx_word' id='word_1_330' title='bbox 1491 1981 1621 2008; x_wconf 76' lang='lat' dir='ltr'>sacrata</span> 
     </span>
     <span class='ocr_line' id='line_1_32' title="bbox 88 2028 1622 2071; baseline -0.002 -9"><span class='ocrx_word' id='word_1_331' title='bbox 88 2041 122 2063; x_wconf 78' lang='lat' dir='ltr'>es</span> <span class='ocrx_word' id='word_1_332' title='bbox 143 2030 232 2070; x_wconf 88' lang='lat' dir='ltr'>(cod.</span> <span class='ocrx_word' id='word_1_333' title='bbox 257 2030 427 2070; x_wconf 89' lang='lat' dir='ltr'>Cusanus)</span> <span class='ocrx_word' id='word_1_334' title='bbox 444 2054 452 2062; x_wconf 96' lang='lat'>.</span> <span class='ocrx_word' id='word_1_335' title='bbox 472 2054 479 2061; x_wconf 93' lang='lat'>.</span> <span class='ocrx_word' id='word_1_336' title='bbox 499 2054 506 2061; x_wconf 92' lang='lat'>.</span> <span class='ocrx_word' id='word_1_337' title='bbox 525 2040 657 2071; x_wconf 76' lang='lat' dir='ltr'>caperes</span> <span class='ocrx_word' id='word_1_338' title='bbox 679 2029 889 2070; x_wconf 87' lang='lat' dir='ltr'>(Dulcinius)</span> <span class='ocrx_word' id='word_1_339' title='bbox 979 2029 1180 2070; x_wconf 86' lang='lat' dir='ltr'>Antiphilus</span> <span class='ocrx_word' id='word_1_340' title='bbox 1199 2028 1295 2060; x_wconf 88' lang='lat' dir='ltr'>anth.</span> <span class='ocrx_word' id='word_1_341' title='bbox 1317 2028 1388 2060; x_wconf 88' lang='lat' dir='ltr'>Pal.</span> <span class='ocrx_word' id='word_1_342' title='bbox 1408 2037 1447 2060; x_wconf 81' lang='lat' dir='ltr'>IX</span> <span class='ocrx_word' id='word_1_343' title='bbox 1472 2028 1534 2059; x_wconf 91' lang='lat'>178</span> <span class='ocrx_word' id='word_1_344' title='bbox 1559 2028 1622 2059; x_wconf 82' lang='lat'>1—4</span> 
     </span>
     <span class='ocr_line' id='line_1_33' title="bbox 89 2080 1620 2124; baseline -0.003 -9"><span class='ocrx_word' id='word_1_345' title='bbox 89 2085 136 2115; x_wconf 88' lang='grc' dir='ltr'>ὡο·</span> <span class='ocrx_word' id='word_1_346' title='bbox 161 2084 265 2124; x_wconf 82' lang='grc' dir='ltr'>πάροσ</span> <span class='ocrx_word' id='word_1_347' title='bbox 290 2083 429 2121; x_wconf 43' lang='lat' dir='ltr'>’Aeuom</span> <span class='ocrx_word' id='word_1_348' title='bbox 458 2085 510 2113; x_wconf 80' lang='grc' dir='ltr'>νῦν</span> <span class='ocrx_word' id='word_1_349' title='bbox 537 2084 704 2122; x_wconf 86' lang='grc' dir='ltr'>Καίσαροο·</span> <span class='ocrx_word' id='word_1_350' title='bbox 730 2083 750 2113; x_wconf 83' lang='grc' dir='ltr'><em>ὰ</em></span> <span class='ocrx_word' id='word_1_351' title='bbox 771 2081 884 2113; x_wconf 74' lang='grc' dir='ltr'>Ῥόδου·</span> <span class='ocrx_word' id='word_1_352' title='bbox 908 2083 992 2123; x_wconf 60' lang='lat' dir='ltr'>elul}</span> <span class='ocrx_word' id='word_1_353' title='bbox 1015 2083 1126 2119; x_wconf 83' lang='grc' dir='ltr'>νᾶσοσ,</span> <span class='ocrx_word' id='word_1_354' title='bbox 1148 2083 1216 2112; x_wconf 79' lang='grc' dir='ltr'>ἴσον</span> <span class='ocrx_word' id='word_1_355' title='bbox 1242 2081 1269 2112; x_wconf 87' lang='lat'>6⁷</span> <span class='ocrx_word' id='word_1_356' title='bbox 1295 2082 1385 2120; x_wconf 81' lang='grc' dir='ltr'>αὐχῶ</span> <span class='ocrx_word' id='word_1_357' title='bbox 1411 2081 1539 2120; x_wconf 74' lang='grc' dir='ltr'>φέ-γγοσ</span> <span class='ocrx_word' id='word_1_358' title='bbox 1564 2080 1620 2111; x_wconf 80' lang='grc' dir='ltr'>ἀπ’</span> 
     </span>
     <span class='ocr_line' id='line_1_34' title="bbox 89 2132 1622 2175; baseline -0.003 -9"><span class='ocrx_word' id='word_1_359' title='bbox 89 2135 288 2174; x_wconf 60' lang='grc' dir='ltr'>ἀμφοτέρων</span> <span class='ocrx_word' id='word_1_360' title='bbox 309 2133 313 2175; x_wconf 80' lang='grc'><strong>1</strong></span> <span class='ocrx_word' id='word_1_361' title='bbox 335 2135 395 2172; x_wconf 81' lang='grc' dir='ltr'>ἤδη</span> <span class='ocrx_word' id='word_1_362' title='bbox 426 2135 640 2174; x_wconf 83' lang='grc' dir='ltr'>σβεννυμέναν</span> <span class='ocrx_word' id='word_1_363' title='bbox 671 2146 710 2171; x_wconf 84' lang='grc' dir='ltr'>με</span> <span class='ocrx_word' id='word_1_364' title='bbox 746 2134 799 2164; x_wconf 83' lang='grc' dir='ltr'>νέα</span> <span class='ocrx_word' id='word_1_365' title='bbox 828 2134 1043 2171; x_wconf 84' lang='grc' dir='ltr'>κατεφώτισεν</span> <span class='ocrx_word' id='word_1_366' title='bbox 1076 2134 1180 2171; x_wconf 81' lang='grc' dir='ltr'>ἀκτίσ,</span> <span class='ocrx_word' id='word_1_367' title='bbox 1203 2132 1325 2173; x_wconf 78' lang='grc' dir='ltr'>Ι”Αλιε,</span> <span class='ocrx_word' id='word_1_368' title='bbox 1361 2133 1412 2162; x_wconf 81' lang='grc' dir='ltr'>καὶ</span> <span class='ocrx_word' id='word_1_369' title='bbox 1445 2132 1531 2171; x_wconf 86' lang='grc' dir='ltr'>παρὰ</span> <span class='ocrx_word' id='word_1_370' title='bbox 1564 2132 1622 2162; x_wconf 85' lang='grc' dir='ltr'>σὸν</span> 
     </span>
     <span class='ocr_line' id='line_1_35' title="bbox 89 2181 1623 2226; baseline -0.003 -9"><span class='ocrx_word' id='word_1_371' title='bbox 89 2187 219 2226; x_wconf 70' lang='grc' dir='ltr'>φέγγοσ</span> <span class='ocrx_word' id='word_1_372' title='bbox 258 2186 385 2226; x_wconf 78' lang='grc' dir='ltr'>ἔλαμψε</span> <span class='ocrx_word' id='word_1_373' title='bbox 418 2186 537 2225; x_wconf 79' lang='grc' dir='ltr'>Νέρων.</span> <span class='ocrx_word' id='word_1_374' title='bbox 587 2194 666 2215; x_wconf 89' lang='lat' dir='ltr'>cum</span> <span class='ocrx_word' id='word_1_375' title='bbox 706 2183 775 2215; x_wconf 92' lang='lat' dir='ltr'>sole</span> <span class='ocrx_word' id='word_1_376' title='bbox 814 2186 1063 2225; x_wconf 83' lang='lat' dir='ltr'>comparantur</span> <span class='ocrx_word' id='word_1_377' title='bbox 1101 2183 1257 2214; x_wconf 89' lang='lat' dir='ltr'>homines</span> <span class='ocrx_word' id='word_1_378' title='bbox 1296 2182 1362 2214; x_wconf 85' lang='lat' dir='ltr'>Cic.</span> <span class='ocrx_word' id='word_1_379' title='bbox 1401 2181 1470 2213; x_wconf 88' lang='lat' dir='ltr'>n.d.</span> <span class='ocrx_word' id='word_1_380' title='bbox 1512 2190 1540 2213; x_wconf 92' lang='lat'>11</span> <span class='ocrx_word' id='word_1_381' title='bbox 1581 2183 1623 2213; x_wconf 83' lang='lat'>14</span> 
     </span>
     <span class='ocr_line' id='line_1_36' title="bbox 90 2232 1621 2277; baseline -0.003 -9"><span class='ocrx_word' id='word_1_382' title='bbox 90 2237 156 2268; x_wconf 81' lang='lat' dir='ltr'>sole</span> <span class='ocrx_word' id='word_1_383' title='bbox 187 2236 362 2277; x_wconf 73' lang='lat' dir='ltr'>qeminato‚</span> <span class='ocrx_word' id='word_1_384' title='bbox 385 2236 491 2276; x_wconf 83' lang='lat' dir='ltr'>quod.</span> <span class='ocrx_word' id='word_1_385' title='bbox 511 2260 519 2267; x_wconf 93' lang='lat'>.</span> <span class='ocrx_word' id='word_1_386' title='bbox 538 2260 545 2267; x_wconf 91' lang='lat'>.</span> <span class='ocrx_word' id='word_1_387' title='bbox 568 2235 738 2267; x_wconf 74' lang='lat' dir='ltr'>Tuditano</span> <span class='ocrx_word' id='word_1_388' title='bbox 768 2237 796 2266; x_wconf 75' lang='lat' dir='ltr'>et</span> <span class='ocrx_word' id='word_1_389' title='bbox 826 2234 965 2275; x_wconf 80' lang='lat' dir='ltr'>Aquilio</span> <span class='ocrx_word' id='word_1_390' title='bbox 993 2233 1186 2266; x_wconf 76' lang='lat' dir='ltr'>consulibus</span> <span class='ocrx_word' id='word_1_391' title='bbox 1212 2236 1374 2270; x_wconf 77' lang='lat' dir='ltr'>euenerat,</span> <span class='ocrx_word' id='word_1_392' title='bbox 1399 2243 1464 2273; x_wconf 81' lang='lat' dir='ltr'>quo</span> <span class='ocrx_word' id='word_1_393' title='bbox 1488 2232 1621 2274; x_wconf 82' lang='lat' dir='ltr'>quidem</span> 
     </span>
     <span class='ocr_line' id='line_1_37' title="bbox 91 2283 1625 2329; baseline -0.003 -9"><span class='ocrx_word' id='word_1_394' title='bbox 91 2298 181 2320; x_wconf 79' lang='lat' dir='ltr'>anno</span> <span class='ocrx_word' id='word_1_395' title='bbox 205 2288 246 2320; x_wconf 93' lang='lat' dir='ltr'>P.</span> <span class='ocrx_word' id='word_1_396' title='bbox 273 2287 459 2329; x_wconf 76' lang='lat' dir='ltr'>Africanus</span> <span class='ocrx_word' id='word_1_397' title='bbox 483 2288 540 2319; x_wconf 77' lang='lat' dir='ltr'>sol</span> <span class='ocrx_word' id='word_1_398' title='bbox 568 2287 662 2318; x_wconf 77' lang='lat' dir='ltr'>alter</span> <span class='ocrx_word' id='word_1_399' title='bbox 693 2286 853 2317; x_wconf 72' lang='lat' dir='ltr'>extinctus</span> <span class='ocrx_word' id='word_1_400' title='bbox 879 2288 934 2322; x_wconf 74' lang='lat' dir='ltr'>est,</span> <span class='ocrx_word' id='word_1_401' title='bbox 962 2285 1046 2317; x_wconf 91' lang='lat' dir='ltr'>Hor.</span> <span class='ocrx_word' id='word_1_402' title='bbox 1074 2295 1173 2317; x_wconf 90' lang='lat' dir='ltr'>serm.</span> <span class='ocrx_word' id='word_1_403' title='bbox 1202 2293 1216 2316; x_wconf 86' lang='grc' dir='ltr'>Ι</span> <span class='ocrx_word' id='word_1_404' title='bbox 1240 2286 1259 2316; x_wconf 90' lang='grc'><strong>7</strong></span> <span class='ocrx_word' id='word_1_405' title='bbox 1287 2285 1330 2316; x_wconf 84' lang='lat'>24</span> <span class='ocrx_word' id='word_1_406' title='bbox 1365 2285 1480 2316; x_wconf 69' lang='lat' dir='ltr'>solem</span> <span class='ocrx_word' id='word_1_407' title='bbox 1503 2283 1625 2315; x_wconf 81' lang='lat' dir='ltr'>Asiae</span> 
     </span>
     <span class='ocr_line' id='line_1_38' title="bbox 94 2336 1623 2380; baseline -0.002 -10"><span class='ocrx_word' id='word_1_408' title='bbox 94 2339 238 2371; x_wconf 83' lang='lat' dir='ltr'>Brutum</span> <span class='ocrx_word' id='word_1_409' title='bbox 266 2339 423 2380; x_wconf 79' lang='lat' dir='ltr'>appellat,</span> <span class='ocrx_word' id='word_1_410' title='bbox 455 2338 604 2370; x_wconf 89' lang='lat' dir='ltr'>Boeckh.</span> <span class='ocrx_word' id='word_1_411' title='bbox 640 2337 751 2370; x_wconf 87' lang='lat' dir='ltr'>C.I.G.</span> <span class='ocrx_word' id='word_1_412' title='bbox 788 2337 874 2368; x_wconf 88' lang='grc'>2592</span> <span class='ocrx_word' id='word_1_413' title='bbox 899 2336 1016 2377; x_wconf 85' lang='lat' dir='ltr'>(Kaib.</span> <span class='ocrx_word' id='word_1_414' title='bbox 1039 2337 1144 2378; x_wconf 86' lang='lat' dir='ltr'>epigr.</span> <span class='ocrx_word' id='word_1_415' title='bbox 1168 2337 1247 2376; x_wconf 87' lang='lat'>906)</span> <span class='ocrx_word' id='word_1_416' title='bbox 1269 2337 1289 2368; x_wconf 88' lang='grc'><strong>6</strong></span> <span class='ocrx_word' id='word_1_417' title='bbox 1312 2337 1412 2376; x_wconf 65' lang='grc' dir='ltr'>’γαίηο-</span> <span class='ocrx_word' id='word_1_418' title='bbox 1442 2336 1623 2376; x_wconf 81' lang='grc' dir='ltr'>Ἰλλυρίδοσ</span> 
     </span>
     <span class='ocr_line' id='line_1_39' title="bbox 93 2386 1619 2431; baseline -0.002 -9"><span class='ocrx_word' id='word_1_419' title='bbox 93 2393 260 2431; x_wconf 86' lang='grc' dir='ltr'>δεύτερον</span> <span class='ocrx_word' id='word_1_420' title='bbox 285 2393 421 2429; x_wconf 84' lang='grc' dir='ltr'>ἠέλιον,</span> <span class='ocrx_word' id='word_1_421' title='bbox 451 2390 577 2421; x_wconf 85' lang='lat' dir='ltr'>Athen.</span> <span class='ocrx_word' id='word_1_422' title='bbox 609 2397 647 2421; x_wconf 87' lang='lat' dir='ltr'>VI</span> <span class='ocrx_word' id='word_1_423' title='bbox 671 2399 704 2431; x_wconf 91' lang='lat' dir='ltr'>p.</span> <span class='ocrx_word' id='word_1_424' title='bbox 733 2389 796 2420; x_wconf 84' lang='lat'>253</span> <span class='ocrx_word' id='word_1_425' title='bbox 823 2398 844 2419; x_wconf 85' lang='lat' dir='ltr'><strong>E</strong></span> <span class='ocrx_word' id='word_1_426' title='bbox 869 2389 987 2429; x_wconf 87' lang='lat' dir='ltr'>(carm.</span> <span class='ocrx_word' id='word_1_427' title='bbox 1015 2398 1094 2429; x_wconf 89' lang='lat' dir='ltr'>pop.</span> <span class='ocrx_word' id='word_1_428' title='bbox 1123 2388 1165 2419; x_wconf 85' lang='lat'>46</span> <span class='ocrx_word' id='word_1_429' title='bbox 1193 2388 1230 2419; x_wconf 94' lang='lat' dir='ltr'>ll</span> <span class='ocrx_word' id='word_1_430' title='bbox 1254 2397 1303 2428; x_wconf 90' lang='lat' dir='ltr'>sq.</span> <span class='ocrx_word' id='word_1_431' title='bbox 1327 2386 1449 2428; x_wconf 86' lang='lat' dir='ltr'>Bergk.</span> <span class='ocrx_word' id='word_1_432' title='bbox 1471 2386 1533 2428; x_wconf 88' lang='lat' dir='ltr'>lyr.</span> <span class='ocrx_word' id='word_1_433' title='bbox 1561 2386 1619 2419; x_wconf 87' lang='lat' dir='ltr'>Gr.</span> 
     </span>
     <span class='ocr_line' id='line_1_40' title="bbox 93 2438 1618 2484; baseline -0.003 -10"><span class='ocrx_word' id='word_1_434' title='bbox 93 2450 137 2474; x_wconf 91' lang='lat'>111</span> <span class='ocrx_word' id='word_1_435' title='bbox 162 2452 195 2484; x_wconf 91' lang='lat' dir='ltr'>p.</span> <span class='ocrx_word' id='word_1_436' title='bbox 224 2442 302 2481; x_wconf 88' lang='lat'>675)</span> <span class='ocrx_word' id='word_1_437' title='bbox 329 2444 357 2473; x_wconf 83' lang='grc' dir='ltr'>οἱ</span> <span class='ocrx_word' id='word_1_438' title='bbox 383 2444 471 2480; x_wconf 89' lang='grc' dir='ltr'>φίλοι</span> <span class='ocrx_word' id='word_1_439' title='bbox 501 2443 557 2480; x_wconf 81' lang='grc' dir='ltr'>μὲν</span> <span class='ocrx_word' id='word_1_440' title='bbox 592 2442 728 2480; x_wconf 82' lang='grc' dir='ltr'>ἀστέρεσ</span> <span class='ocrx_word' id='word_1_441' title='bbox 747 2440 751 2481; x_wconf 81' lang='grc' dir='ltr'>Ι</span> <span class='ocrx_word' id='word_1_442' title='bbox 773 2442 882 2478; x_wconf 84' lang='grc' dir='ltr'>ἥλιοσ</span> <span class='ocrx_word' id='word_1_443' title='bbox 917 2440 944 2470; x_wconf 79' lang='grc' dir='ltr'>δ’</span> <span class='ocrx_word' id='word_1_444' title='bbox 980 2441 1112 2476; x_wconf 79' lang='grc' dir='ltr'>ἐκεῖνοσ,</span> <span class='ocrx_word' id='word_1_445' title='bbox 1137 2439 1214 2471; x_wconf 87' lang='lat' dir='ltr'>buc.</span> <span class='ocrx_word' id='word_1_446' title='bbox 1242 2438 1386 2470; x_wconf 80' lang='lat' dir='ltr'>Einsidl.</span> <span class='ocrx_word' id='word_1_447' title='bbox 1409 2447 1422 2470; x_wconf 91' lang='grc' dir='ltr'>Ι</span> <span class='ocrx_word' id='word_1_448' title='bbox 1442 2439 1495 2475; x_wconf 83' lang='grc'>27,</span> <span class='ocrx_word' id='word_1_449' title='bbox 1516 2439 1618 2470; x_wconf 78' lang='lat' dir='ltr'>Mart.</span> 
     </span>
     <span class='ocr_line' id='line_1_41' title="bbox 92 2489 1493 2533; baseline -0.003 -9"><span class='ocrx_word' id='word_1_450' title='bbox 92 2502 131 2525; x_wconf 83' lang='lat' dir='ltr'>lx</span> <span class='ocrx_word' id='word_1_451' title='bbox 153 2493 196 2524; x_wconf 91' lang='grc'>20</span> <span class='ocrx_word' id='word_1_452' title='bbox 215 2494 235 2524; x_wconf 91' lang='grc'>5</span> <span class='ocrx_word' id='word_1_453' title='bbox 255 2502 319 2533; x_wconf 66' lang='lat' dir='ltr'>sq„</span> <span class='ocrx_word' id='word_1_454' title='bbox 339 2502 442 2533; x_wconf 89' lang='lat' dir='ltr'>quem</span> <span class='ocrx_word' id='word_1_455' title='bbox 462 2491 576 2523; x_wconf 89' lang='lat' dir='ltr'>locum</span> <span class='ocrx_word' id='word_1_456' title='bbox 593 2491 765 2532; x_wconf 86' lang='lat' dir='ltr'>explicaui</span> <span class='ocrx_word' id='word_1_457' title='bbox 782 2491 818 2522; x_wconf 91' lang='lat' dir='ltr'>in</span> <span class='ocrx_word' id='word_1_458' title='bbox 836 2489 998 2522; x_wconf 83' lang='lat' dir='ltr'>Classical</span> <span class='ocrx_word' id='word_1_459' title='bbox 1016 2489 1202 2530; x_wconf 83' lang='lat' dir='ltr'>Quarterly</span> <span class='ocrx_word' id='word_1_460' title='bbox 1219 2499 1273 2520; x_wconf 88' lang='lat' dir='ltr'>an.</span> <span class='ocrx_word' id='word_1_461' title='bbox 1296 2490 1380 2520; x_wconf 84' lang='lat'>1919</span> <span class='ocrx_word' id='word_1_462' title='bbox 1397 2499 1430 2530; x_wconf 93' lang='lat' dir='ltr'>p.</span> <span class='ocrx_word' id='word_1_463' title='bbox 1451 2490 1493 2520; x_wconf 89' lang='grc'>75</span> 
     </span>
    </p>

    <p class='ocr_par' dir='ltr' id='par_1_7' title="bbox 94 2540 1625 2894">
     <span class='ocr_line' id='line_1_42' title="bbox 182 2540 1621 2582; baseline -0.003 -7"><span class='ocrx_word' id='word_1_464' title='bbox 182 2543 245 2575; x_wconf 81' lang='grc'>766</span> <span class='ocrx_word' id='word_1_465' title='bbox 270 2547 412 2581; x_wconf 75' lang='lat' dir='ltr'>caperet</span> <span class='ocrx_word' id='word_1_466' title='bbox 436 2547 481 2582; x_wconf 88' lang='grc' dir='ltr'>Μ,</span> <span class='ocrx_word' id='word_1_467' title='bbox 509 2546 675 2581; x_wconf 83' lang='lat' dir='ltr'>caperent</span> <span class='ocrx_word' id='word_1_468' title='bbox 700 2545 749 2573; x_wconf 81' lang='lat' dir='ltr'>GL</span> <span class='ocrx_word' id='word_1_469' title='bbox 839 2540 899 2572; x_wconf 77' lang='lat' dir='ltr'>sub</span> <span class='ocrx_word' id='word_1_470' title='bbox 921 2541 1073 2577; x_wconf 79' lang='lat' dir='ltr'>Caesare,</span> <span class='ocrx_word' id='word_1_471' title='bbox 1096 2540 1161 2572; x_wconf 88' lang='lat' dir='ltr'>sub</span> <span class='ocrx_word' id='word_1_472' title='bbox 1183 2540 1257 2571; x_wconf 86' lang='lat' dir='ltr'>eius</span> <span class='ocrx_word' id='word_1_473' title='bbox 1279 2549 1426 2582; x_wconf 83' lang='lat' dir='ltr'>persona</span> <span class='ocrx_word' id='word_1_474' title='bbox 1448 2540 1508 2581; x_wconf 92' lang='lat' dir='ltr'>qui</span> <span class='ocrx_word' id='word_1_475' title='bbox 1529 2549 1621 2571; x_wconf 86' lang='lat' dir='ltr'>nunc</span> 
     </span>
     <span class='ocr_line' id='line_1_43' title="bbox 94 2590 1625 2636; baseline -0.003 -9"><span class='ocrx_word' id='word_1_476' title='bbox 94 2596 220 2628; x_wconf 88' lang='lat' dir='ltr'>Caesar</span> <span class='ocrx_word' id='word_1_477' title='bbox 243 2597 296 2626; x_wconf 77' lang='lat' dir='ltr'>est</span> <span class='ocrx_word' id='word_1_478' title='bbox 320 2597 356 2626; x_wconf 82' lang='lat' dir='ltr'>et</span> <span class='ocrx_word' id='word_1_479' title='bbox 381 2594 548 2636; x_wconf 88' lang='lat' dir='ltr'>princeps.</span> <span class='ocrx_word' id='word_1_480' title='bbox 597 2593 806 2635; x_wconf 79' lang='lat' dir='ltr'>praepositio</span> <span class='ocrx_word' id='word_1_481' title='bbox 830 2602 902 2633; x_wconf 90' lang='lat' dir='ltr'>qua</span> <span class='ocrx_word' id='word_1_482' title='bbox 925 2593 960 2623; x_wconf 88' lang='lat' dir='ltr'>ui</span> <span class='ocrx_word' id='word_1_483' title='bbox 988 2595 1159 2634; x_wconf 82' lang='lat' dir='ltr'>usurpata</span> <span class='ocrx_word' id='word_1_484' title='bbox 1186 2594 1277 2623; x_wconf 82' lang='lat' dir='ltr'>esset</span> <span class='ocrx_word' id='word_1_485' title='bbox 1306 2591 1477 2622; x_wconf 82' lang='lat' dir='ltr'>intellexit</span> <span class='ocrx_word' id='word_1_486' title='bbox 1506 2590 1625 2632; x_wconf 85' lang='lat' dir='ltr'>Fayus</span> 
     </span>
     <span class='ocr_line' id='line_1_44' title="bbox 94 2641 1621 2687; baseline -0.003 -9"><span class='ocrx_word' id='word_1_487' title='bbox 94 2648 131 2679; x_wconf 88' lang='lat' dir='ltr'>in</span> <span class='ocrx_word' id='word_1_488' title='bbox 173 2645 312 2687; x_wconf 87' lang='lat' dir='ltr'>reliquis</span> <span class='ocrx_word' id='word_1_489' title='bbox 350 2645 467 2676; x_wconf 78' lang='lat' dir='ltr'>falsus.</span> <span class='ocrx_word' id='word_1_490' title='bbox 532 2644 632 2676; x_wconf 80' lang='lat' dir='ltr'>ahter</span> <span class='ocrx_word' id='word_1_491' title='bbox 669 2644 777 2676; x_wconf 85' lang='lat' dir='ltr'>uerba</span> <span class='ocrx_word' id='word_1_492' title='bbox 815 2643 924 2685; x_wconf 85' lang='lat' dir='ltr'>accipi</span> <span class='ocrx_word' id='word_1_493' title='bbox 958 2653 1028 2675; x_wconf 89' lang='lat' dir='ltr'>non</span> <span class='ocrx_word' id='word_1_494' title='bbox 1066 2653 1167 2685; x_wconf 82' lang='lat' dir='ltr'>posse</span> <span class='ocrx_word' id='word_1_495' title='bbox 1206 2642 1405 2683; x_wconf 83' lang='lat' dir='ltr'>frustraque</span> <span class='ocrx_word' id='word_1_496' title='bbox 1439 2641 1621 2683; x_wconf 81' lang='lat' dir='ltr'>plerosque</span> 
     </span>
     <span class='ocr_line' id='line_1_45' title="bbox 95 2693 1622 2737; baseline -0.003 -8"><span class='ocrx_word' id='word_1_497' title='bbox 95 2697 156 2729; x_wconf 73' lang='lat' dir='ltr'>sub</span> <span class='ocrx_word' id='word_1_498' title='bbox 180 2698 321 2730; x_wconf 79' lang='lat' dir='ltr'>Caesare</span> <span class='ocrx_word' id='word_1_499' title='bbox 343 2697 590 2737; x_wconf 81' lang='lat' dir='ltr'>interpretatos</span> <span class='ocrx_word' id='word_1_500' title='bbox 613 2705 686 2727; x_wconf 85' lang='lat' dir='ltr'>esse</span> <span class='ocrx_word' id='word_1_501' title='bbox 709 2695 860 2735; x_wconf 61' lang='lat' dir='ltr'>Augusto</span> <span class='ocrx_word' id='word_1_502' title='bbox 893 2694 1084 2731; x_wconf 68' lang='lat' dir='ltr'>secundum,</span> <span class='ocrx_word' id='word_1_503' title='bbox 1110 2697 1151 2725; x_wconf 91' lang='lat' dir='ltr'>ut</span> <span class='ocrx_word' id='word_1_504' title='bbox 1184 2693 1295 2725; x_wconf 85' lang='lat' dir='ltr'>multo</span> <span class='ocrx_word' id='word_1_505' title='bbox 1321 2693 1440 2725; x_wconf 88' lang='lat' dir='ltr'>Lunae</span> <span class='ocrx_word' id='word_1_506' title='bbox 1464 2693 1622 2725; x_wconf 85' lang='lat' dir='ltr'>Tiberius</span> 
     </span>
     <span class='ocr_line' id='line_1_46' title="bbox 95 2745 1621 2790; baseline -0.003 -9"><span class='ocrx_word' id='word_1_507' title='bbox 95 2759 201 2790; x_wconf 87' lang='lat' dir='ltr'>quam</span> <span class='ocrx_word' id='word_1_508' title='bbox 231 2747 318 2781; x_wconf 88' lang='lat' dir='ltr'>Solis</span> <span class='ocrx_word' id='word_1_509' title='bbox 347 2747 489 2779; x_wconf 85' lang='lat' dir='ltr'>similior</span> <span class='ocrx_word' id='word_1_510' title='bbox 516 2746 690 2784; x_wconf 80' lang='lat' dir='ltr'>euaderet,</span> <span class='ocrx_word' id='word_1_511' title='bbox 717 2746 895 2787; x_wconf 90' lang='lat' dir='ltr'>disputaui</span> <span class='ocrx_word' id='word_1_512' title='bbox 921 2745 980 2777; x_wconf 86' lang='lat' dir='ltr'>lib.</span> <span class='ocrx_word' id='word_1_513' title='bbox 1007 2754 1021 2777; x_wconf 91' lang='lat'>1</span> <span class='ocrx_word' id='word_1_514' title='bbox 1045 2745 1154 2788; x_wconf 82' lang='lat' dir='ltr'>praef.</span> <span class='ocrx_word' id='word_1_515' title='bbox 1181 2756 1213 2787; x_wconf 87' lang='lat' dir='ltr'>p.</span> <span class='ocrx_word' id='word_1_516' title='bbox 1241 2745 1336 2782; x_wconf 78' lang='lat' dir='ltr'>lxxi3</span> <span class='ocrx_word' id='word_1_517' title='bbox 1373 2754 1455 2776; x_wconf 87' lang='lat' dir='ltr'>nam</span> <span class='ocrx_word' id='word_1_518' title='bbox 1479 2754 1537 2776; x_wconf 87' lang='lat' dir='ltr'>eos</span> <span class='ocrx_word' id='word_1_519' title='bbox 1561 2746 1621 2786; x_wconf 87' lang='lat' dir='ltr'>qui</span> 
     </span>
     <span class='ocr_line' id='line_1_47' title="bbox 96 2796 1622 2841; baseline -0.003 -9"><span class='ocrx_word' id='word_1_520' title='bbox 96 2802 211 2841; x_wconf 72' lang='lat' dir='ltr'>mayni</span> <span class='ocrx_word' id='word_1_521' title='bbox 261 2799 320 2831; x_wconf 73' lang='lat' dir='ltr'>sub</span> <span class='ocrx_word' id='word_1_522' title='bbox 363 2799 505 2831; x_wconf 78' lang='lat' dir='ltr'>Caesare</span> <span class='ocrx_word' id='word_1_523' title='bbox 548 2799 763 2840; x_wconf 84' lang='lat' dir='ltr'>coniungunt</span> <span class='ocrx_word' id='word_1_524' title='bbox 812 2796 1052 2838; x_wconf 84' lang='lat' dir='ltr'>mundumque</span> <span class='ocrx_word' id='word_1_525' title='bbox 1100 2797 1166 2828; x_wconf 83' lang='lat' dir='ltr'>nisi</span> <span class='ocrx_word' id='word_1_526' title='bbox 1213 2797 1406 2837; x_wconf 83' lang='lat' dir='ltr'>imperante</span> <span class='ocrx_word' id='word_1_527' title='bbox 1461 2796 1622 2838; x_wconf 84' lang='lat' dir='ltr'>Augusto</span> 
     </span>
     <span class='ocr_line' id='line_1_48' title="bbox 95 2847 1625 2894; baseline -0.003 -11"><span class='ocrx_word' id='word_1_528' title='bbox 95 2861 262 2894; x_wconf 87' lang='lat' dir='ltr'>magnum</span> <span class='ocrx_word' id='word_1_529' title='bbox 302 2860 372 2882; x_wconf 90' lang='lat' dir='ltr'>non</span> <span class='ocrx_word' id='word_1_530' title='bbox 413 2850 517 2881; x_wconf 80' lang='lat' dir='ltr'>fuisse</span> <span class='ocrx_word' id='word_1_531' title='bbox 559 2849 683 2882; x_wconf 88' lang='lat' dir='ltr'>uolunt</span> <span class='ocrx_word' id='word_1_532' title='bbox 727 2849 863 2881; x_wconf 88' lang='lat' dir='ltr'>omitto.</span> <span class='ocrx_word' id='word_1_533' title='bbox 927 2849 1084 2890; x_wconf 83' lang='lat' dir='ltr'>sequitur</span> <span class='ocrx_word' id='word_1_534' title='bbox 1124 2851 1164 2880; x_wconf 89' lang='lat' dir='ltr'>ut</span> <span class='ocrx_word' id='word_1_535' title='bbox 1208 2850 1347 2880; x_wconf 83' lang='lat' dir='ltr'>mortuo</span> <span class='ocrx_word' id='word_1_536' title='bbox 1389 2847 1547 2889; x_wconf 84' lang='lat' dir='ltr'>Augusto</span> <span class='ocrx_word' id='word_1_537' title='bbox 1587 2852 1625 2880; x_wconf 85' lang='lat' dir='ltr'>et</span> 
     </span>
    </p>
   </div>
  </div>
 </body>
</html>
