<?xml version="1.0" encoding="UTF-8"?>
<!DOCTYPE html PUBLIC "-//W3C//DTD XHTML 1.0 Transitional//EN"
    "http://www.w3.org/TR/xhtml1/DTD/xhtml1-transitional.dtd">
<html xmlns="http://www.w3.org/1999/xhtml" xml:lang="en" lang="en">
 <head>
  <title>
</title>
<meta http-equiv="Content-Type" content="text/html;charset=utf-8" />
  <meta name='ocr-system' content='tesseract 3.04.00' />
  <meta name='ocr-capabilities' content='ocr_page ocr_carea ocr_par ocr_line ocrx_word'/>
</head>
<body>
  <div class='ocr_page' id='page_1' title='image "astronomiconrece04maniuoft_0107.png"; bbox 0 0 1872 3183; ppageno 0'>
   <div class='ocr_carea' id='block_1_1' title="bbox 548 139 1609 184">
    <p class='ocr_par' dir='ltr' id='par_1_1' title="bbox 548 139 1609 184">
     <span class='ocr_line' id='line_1_1' title="bbox 548 139 1609 184; baseline -0.002 -2"><span class='ocrx_word' id='word_1_1' title='bbox 548 139 1032 184; x_wconf 86' lang='lat' dir='ltr'>ASTRONOMICON</span> <span class='ocrx_word' id='word_1_2' title='bbox 1065 139 1130 181; x_wconf 92' lang='lat' dir='ltr'>IV</span> <span class='ocrx_word' id='word_1_3' title='bbox 1558 142 1609 180; x_wconf 87' lang='lat'>81</span> 
     </span>
    </p>
   </div>
   <div class='ocr_carea' id='block_1_2' title="bbox 114 250 1395 1048">
    <p class='ocr_par' dir='ltr' id='par_1_2' title="bbox 114 250 1395 382">
     <span class='ocr_line' id='line_1_2' title="bbox 240 250 1395 306; baseline -0.003 -12"><span class='ocrx_word' id='word_1_4' title='bbox 240 253 438 295; x_wconf 84' lang='lat' dir='ltr'>fluctibus</span> <span class='ocrx_word' id='word_1_5' title='bbox 458 257 501 293; x_wconf 88' lang='lat' dir='ltr'>et</span> <span class='ocrx_word' id='word_1_6' title='bbox 520 251 694 294; x_wconf 86' lang='lat' dir='ltr'>Cilicum</span> <span class='ocrx_word' id='word_1_7' title='bbox 713 250 891 306; x_wconf 88' lang='lat' dir='ltr'>populos</span> <span class='ocrx_word' id='word_1_8' title='bbox 911 250 1159 305; x_wconf 82' lang='lat' dir='ltr'>Syriamque</span> <span class='ocrx_word' id='word_1_9' title='bbox 1179 255 1395 306; x_wconf 87' lang='lat' dir='ltr'>perustam</span> 
     </span>
     <span class='ocr_line' id='line_1_3' title="bbox 114 325 1183 382; baseline 0 -16"><span class='ocrx_word' id='word_1_10' title='bbox 114 334 185 366; x_wconf 82' lang='grc'>625</span> <span class='ocrx_word' id='word_1_11' title='bbox 240 327 483 382; x_wconf 75' lang='lat' dir='ltr'>ingentique</span> <span class='ocrx_word' id='word_1_12' title='bbox 502 326 597 367; x_wconf 91' lang='lat' dir='ltr'>sinu</span> <span class='ocrx_word' id='word_1_13' title='bbox 615 325 815 381; x_wconf 82' lang='lat' dir='ltr'>fugientis</span> <span class='ocrx_word' id='word_1_14' title='bbox 834 339 1018 379; x_wconf 87' lang='lat' dir='ltr'>aequora</span> <span class='ocrx_word' id='word_1_15' title='bbox 1036 329 1183 374; x_wconf 86' lang='lat' dir='ltr'>terras,</span> 
     </span>
    </p>

    <p class='ocr_par' dir='ltr' id='par_1_3' title="bbox 242 398 1339 455">
     <span class='ocr_line' id='line_1_4' title="bbox 242 398 1339 455; baseline -0.002 -13"><span class='ocrx_word' id='word_1_16' title='bbox 242 401 373 443; x_wconf 91' lang='lat' dir='ltr'>donec</span> <span class='ocrx_word' id='word_1_17' title='bbox 393 400 436 441; x_wconf 89' lang='lat' dir='ltr'>in</span> <span class='ocrx_word' id='word_1_18' title='bbox 455 400 698 455; x_wconf 88' lang='lat' dir='ltr'>Aegyptum</span> <span class='ocrx_word' id='word_1_19' title='bbox 718 399 896 441; x_wconf 88' lang='lat' dir='ltr'>redeunt</span> <span class='ocrx_word' id='word_1_20' title='bbox 914 403 1092 441; x_wconf 85' lang='lat' dir='ltr'>curuata</span> <span class='ocrx_word' id='word_1_21' title='bbox 1111 413 1185 454; x_wconf 91' lang='lat' dir='ltr'>per</span> <span class='ocrx_word' id='word_1_22' title='bbox 1204 398 1339 440; x_wconf 88' lang='lat' dir='ltr'>undas</span> 
     </span>
    </p>

    <p class='ocr_par' dir='ltr' id='par_1_4' title="bbox 241 474 1102 528">
     <span class='ocr_line' id='line_1_5' title="bbox 241 474 1102 528; baseline -0.001 -11"><span class='ocrx_word' id='word_1_23' title='bbox 241 475 365 518; x_wconf 88' lang='lat' dir='ltr'>litora</span> <span class='ocrx_word' id='word_1_24' title='bbox 384 475 555 516; x_wconf 80' lang='lat' dir='ltr'>Niliacis</span> <span class='ocrx_word' id='word_1_25' title='bbox 574 475 729 516; x_wconf 87' lang='lat' dir='ltr'>iterum</span> <span class='ocrx_word' id='word_1_26' title='bbox 748 474 970 516; x_wconf 88' lang='lat' dir='ltr'>morientia</span> <span class='ocrx_word' id='word_1_27' title='bbox 989 474 1102 528; x_wconf 83' lang='lat' dir='ltr'>ripis.</span> 
     </span>
    </p>

    <p class='ocr_par' dir='ltr' id='par_1_5' title="bbox 240 547 1271 603">
     <span class='ocr_line' id='line_1_6' title="bbox 240 547 1271 603; baseline -0.002 -12"><span class='ocrx_word' id='word_1_28' title='bbox 240 549 342 591; x_wconf 85' lang='lat' dir='ltr'>haec</span> <span class='ocrx_word' id='word_1_29' title='bbox 362 549 549 591; x_wconf 88' lang='lat' dir='ltr'>medium</span> <span class='ocrx_word' id='word_1_30' title='bbox 568 548 689 591; x_wconf 86' lang='lat' dir='ltr'>terris</span> <span class='ocrx_word' id='word_1_31' title='bbox 707 548 943 591; x_wconf 88' lang='lat' dir='ltr'>circumdat</span> <span class='ocrx_word' id='word_1_32' title='bbox 960 547 1071 590; x_wconf 89' lang='lat' dir='ltr'>linea</span> <span class='ocrx_word' id='word_1_33' title='bbox 1089 552 1271 603; x_wconf 89' lang='lat' dir='ltr'>pontum</span> 
     </span>
    </p>

    <p class='ocr_par' dir='ltr' id='par_1_6' title="bbox 117 621 1356 751">
     <span class='ocr_line' id='line_1_7' title="bbox 241 621 1356 678; baseline -0.003 -13"><span class='ocrx_word' id='word_1_34' title='bbox 241 629 371 678; x_wconf 86' lang='lat' dir='ltr'>atque</span> <span class='ocrx_word' id='word_1_35' title='bbox 389 623 453 664; x_wconf 90' lang='lat' dir='ltr'>his</span> <span class='ocrx_word' id='word_1_36' title='bbox 472 622 683 664; x_wconf 87' lang='lat' dir='ltr'>undarum</span> <span class='ocrx_word' id='word_1_37' title='bbox 701 627 888 664; x_wconf 83' lang='lat' dir='ltr'>tractum</span> <span class='ocrx_word' id='word_1_38' title='bbox 907 622 1158 676; x_wconf 71' lang='lat' dir='ltr'>constringit</span> <span class='ocrx_word' id='word_1_39' title='bbox 1175 621 1356 663; x_wconf 79' lang='lat' dir='ltr'>harenis.</span> 
     </span>
     <span class='ocr_line' id='line_1_8' title="bbox 117 696 1330 751; baseline 0.001 -15"><span class='ocrx_word' id='word_1_40' title='bbox 117 705 186 737; x_wconf 84' lang='lat'>630</span> <span class='ocrx_word' id='word_1_41' title='bbox 242 697 353 739; x_wconf 84' lang='lat' dir='ltr'>mille</span> <span class='ocrx_word' id='word_1_42' title='bbox 372 696 511 739; x_wconf 88' lang='lat' dir='ltr'>iacent</span> <span class='ocrx_word' id='word_1_43' title='bbox 530 696 692 738; x_wconf 85' lang='lat' dir='ltr'>mediae</span> <span class='ocrx_word' id='word_1_44' title='bbox 712 696 865 738; x_wconf 78' lang='lat' dir='ltr'>diffusa</span> <span class='ocrx_word' id='word_1_45' title='bbox 885 710 958 751; x_wconf 90' lang='lat' dir='ltr'>per</span> <span class='ocrx_word' id='word_1_46' title='bbox 977 710 1161 751; x_wconf 89' lang='lat' dir='ltr'>aequora</span> <span class='ocrx_word' id='word_1_47' title='bbox 1180 700 1330 737; x_wconf 87' lang='lat' dir='ltr'>terrae.</span> 
     </span>
    </p>

    <p class='ocr_par' dir='ltr' id='par_1_7' title="bbox 244 768 1310 825">
     <span class='ocr_line' id='line_1_9' title="bbox 244 768 1310 825; baseline -0.002 -13"><span class='ocrx_word' id='word_1_48' title='bbox 244 770 480 812; x_wconf 84' lang='lat' dir='ltr'>Sardiniam</span> <span class='ocrx_word' id='word_1_49' title='bbox 498 770 543 810; x_wconf 92' lang='lat' dir='ltr'>in</span> <span class='ocrx_word' id='word_1_50' title='bbox 562 770 721 824; x_wconf 89' lang='lat' dir='ltr'>Libyco</span> <span class='ocrx_word' id='word_1_51' title='bbox 741 770 910 825; x_wconf 87' lang='lat' dir='ltr'>signant</span> <span class='ocrx_word' id='word_1_52' title='bbox 928 769 1106 824; x_wconf 89' lang='lat' dir='ltr'>uestigia</span> <span class='ocrx_word' id='word_1_53' title='bbox 1125 768 1310 824; x_wconf 76' lang='lat' dir='ltr'>plantae,</span> 
     </span>
    </p>

    <p class='ocr_par' dir='ltr' id='par_1_8' title="bbox 244 843 1199 899">
     <span class='ocr_line' id='line_1_10' title="bbox 244 843 1199 899; baseline -0.002 -13"><span class='ocrx_word' id='word_1_54' title='bbox 244 844 456 886; x_wconf 87' lang='lat' dir='ltr'>Trinacria</span> <span class='ocrx_word' id='word_1_55' title='bbox 474 844 601 885; x_wconf 87' lang='lat' dir='ltr'>Italia</span> <span class='ocrx_word' id='word_1_56' title='bbox 621 849 792 885; x_wconf 89' lang='lat' dir='ltr'>tantum</span> <span class='ocrx_word' id='word_1_57' title='bbox 811 843 998 899; x_wconf 87' lang='lat' dir='ltr'>praecisa</span> <span class='ocrx_word' id='word_1_58' title='bbox 1017 843 1199 893; x_wconf 79' lang='lat' dir='ltr'>recessit,</span> 
     </span>
    </p>

    <p class='ocr_par' dir='ltr' id='par_1_9' title="bbox 243 917 1240 966">
     <span class='ocr_line' id='line_1_11' title="bbox 243 917 1240 966; baseline -0.002 -6"><span class='ocrx_word' id='word_1_59' title='bbox 243 918 420 961; x_wconf 87' lang='lat' dir='ltr'>aduersa</span> <span class='ocrx_word' id='word_1_60' title='bbox 439 918 650 960; x_wconf 87' lang='lat' dir='ltr'>Euboicos</span> <span class='ocrx_word' id='word_1_61' title='bbox 670 918 847 959; x_wconf 86' lang='lat' dir='ltr'>miratur</span> <span class='ocrx_word' id='word_1_62' title='bbox 867 917 1041 960; x_wconf 82' lang='lat' dir='ltr'>Graecia</span> <span class='ocrx_word' id='word_1_63' title='bbox 1060 922 1240 966; x_wconf 89' lang='lat' dir='ltr'>montes,</span> 
     </span>
    </p>

    <p class='ocr_par' dir='ltr' id='par_1_10' title="bbox 242 992 1141 1048">
     <span class='ocr_line' id='line_1_12' title="bbox 242 992 1141 1048; baseline -0.002 -14"><span class='ocrx_word' id='word_1_64' title='bbox 242 993 418 1048; x_wconf 86' lang='lat' dir='ltr'>Aegaeis</span> <span class='ocrx_word' id='word_1_65' title='bbox 437 993 559 1035; x_wconf 84' lang='lat' dir='ltr'>Crete</span> <span class='ocrx_word' id='word_1_66' title='bbox 577 993 713 1034; x_wconf 88' lang='lat' dir='ltr'>ciuem</span> <span class='ocrx_word' id='word_1_67' title='bbox 733 992 884 1035; x_wconf 86' lang='lat' dir='ltr'>sortita</span> <span class='ocrx_word' id='word_1_68' title='bbox 905 992 1141 1033; x_wconf 86' lang='lat' dir='ltr'>Tonantem</span> 
     </span>
    </p>
   </div>
   <div class='ocr_carea' id='block_1_3' title="bbox 78 1096 1625 2925">
    <p class='ocr_par' dir='ltr' id='par_1_11' title="bbox 78 1096 1625 2925">
     <span class='ocr_line' id='line_1_13' title="bbox 78 1096 1616 1141; baseline -0.002 -10"><span class='ocrx_word' id='word_1_69' title='bbox 78 1099 214 1132; x_wconf 78' lang='lat'>847—50</span> <span class='ocrx_word' id='word_1_70' title='bbox 240 1102 323 1141; x_wconf 85' lang='grc' dir='ltr'>πρὸσ</span> <span class='ocrx_word' id='word_1_71' title='bbox 350 1099 376 1131; x_wconf 89' lang='grc' dir='ltr'>δ’</span> <span class='ocrx_word' id='word_1_72' title='bbox 400 1101 464 1131; x_wconf 82' lang='grc' dir='ltr'>ἅλα</span> <span class='ocrx_word' id='word_1_73' title='bbox 492 1101 668 1138; x_wconf 83' lang='grc' dir='ltr'>κεκλιμένοι</span> <span class='ocrx_word' id='word_1_74' title='bbox 700 1100 809 1130; x_wconf 80' lang='grc' dir='ltr'>Λύκιοι</span> <span class='ocrx_word' id='word_1_75' title='bbox 841 1101 945 1138; x_wconf 84' lang='grc' dir='ltr'>χθόνα,</span> <span class='ocrx_word' id='word_1_76' title='bbox 973 1100 1151 1130; x_wconf 82' lang='grc' dir='ltr'>ναιετάουσι</span> <span class='ocrx_word' id='word_1_77' title='bbox 1171 1096 1176 1140; x_wconf 83' lang='lat' dir='ltr'>l</span> <span class='ocrx_word' id='word_1_78' title='bbox 1191 1098 1317 1132; x_wconf 79' lang='grc' dir='ltr'>Ξάνθου</span> <span class='ocrx_word' id='word_1_79' title='bbox 1346 1100 1399 1129; x_wconf 79' lang='grc' dir='ltr'>ἐπὶ</span> <span class='ocrx_word' id='word_1_80' title='bbox 1427 1096 1616 1138; x_wconf 77' lang='grc' dir='ltr'>προχοῇσιν,</span> 
     </span>
     <span class='ocr_line' id='line_1_14' title="bbox 81 1147 1620 1194; baseline -0.003 -11"><span class='ocrx_word' id='word_1_81' title='bbox 81 1153 237 1192; x_wconf 80' lang='grc' dir='ltr'>ἐυρρείτου</span> <span class='ocrx_word' id='word_1_82' title='bbox 251 1153 420 1190; x_wconf 83' lang='grc' dir='ltr'>ποταμοῖο·</span> <span class='ocrx_word' id='word_1_83' title='bbox 440 1149 445 1194; x_wconf 84' lang='grc' dir='ltr'>Ι</span> <span class='ocrx_word' id='word_1_84' title='bbox 461 1153 538 1182; x_wconf 77' lang='grc' dir='ltr'>ἔνθα</span> <span class='ocrx_word' id='word_1_85' title='bbox 553 1152 786 1191; x_wconf 84' lang='grc' dir='ltr'>βαθυκρήμνοιο</span> <span class='ocrx_word' id='word_1_86' title='bbox 802 1153 965 1189; x_wconf 84' lang='grc' dir='ltr'>φαείνεται</span> <span class='ocrx_word' id='word_1_87' title='bbox 979 1152 1070 1190; x_wconf 78' lang='grc' dir='ltr'>οὔρεα.</span> <span class='ocrx_word' id='word_1_88' title='bbox 1086 1151 1206 1190; x_wconf 86' lang='grc' dir='ltr'>Ταύρου</span> <span class='ocrx_word' id='word_1_89' title='bbox 1221 1147 1226 1192; x_wconf 87' lang='grc' dir='ltr'>Ι</span> <span class='ocrx_word' id='word_1_90' title='bbox 1245 1151 1432 1189; x_wconf 79' lang='grc' dir='ltr'>Παμφύλων</span> <span class='ocrx_word' id='word_1_91' title='bbox 1447 1151 1498 1180; x_wconf 84' lang='grc' dir='ltr'>καὶ</span> <span class='ocrx_word' id='word_1_92' title='bbox 1510 1151 1620 1189; x_wconf 83' lang='grc' dir='ltr'>μέχρι·</span> 
     </span>
     <span class='ocr_line' id='line_1_15' title="bbox 83 1200 1619 1243; baseline -0.003 -9"><span class='ocrx_word' id='word_1_93' title='bbox 83 1204 214 1243; x_wconf 70' lang='grc' dir='ltr'>Κράγον</span> <span class='ocrx_word' id='word_1_94' title='bbox 233 1205 265 1234; x_wconf 84' lang='grc' dir='ltr'>δέ</span> <span class='ocrx_word' id='word_1_95' title='bbox 282 1204 296 1234; x_wconf 84' lang='grc' dir='ltr'>ἑ</span> <span class='ocrx_word' id='word_1_96' title='bbox 314 1204 512 1242; x_wconf 75' lang='grc' dir='ltr'>φημίζουσιν,</span> <span class='ocrx_word' id='word_1_97' title='bbox 533 1201 619 1233; x_wconf 85' lang='grc' dir='ltr'>Ρ1111.</span> <span class='ocrx_word' id='word_1_98' title='bbox 639 1201 709 1233; x_wconf 87' lang='lat' dir='ltr'>n.h.</span> <span class='ocrx_word' id='word_1_99' title='bbox 729 1209 752 1232; x_wconf 93' lang='lat' dir='ltr'>v</span> <span class='ocrx_word' id='word_1_100' title='bbox 770 1201 811 1233; x_wconf 99' lang='lat'>97</span> <span class='ocrx_word' id='word_1_101' title='bbox 832 1211 909 1240; x_wconf 75' lang='lat' dir='ltr'>qens</span> <span class='ocrx_word' id='word_1_102' title='bbox 923 1224 931 1232; x_wconf 90' lang='lat'>.</span> <span class='ocrx_word' id='word_1_103' title='bbox 948 1225 955 1232; x_wconf 89' lang='lat'>.</span> <span class='ocrx_word' id='word_1_104' title='bbox 972 1224 979 1232; x_wconf 86' lang='lat'>.</span> <span class='ocrx_word' id='word_1_105' title='bbox 996 1200 1112 1241; x_wconf 82' lang='lat' dir='ltr'>Lycia,</span> <span class='ocrx_word' id='word_1_106' title='bbox 1133 1200 1221 1232; x_wconf 87' lang='lat' dir='ltr'>unde</span> <span class='ocrx_word' id='word_1_107' title='bbox 1238 1203 1350 1231; x_wconf 82' lang='lat' dir='ltr'>uastos</span> <span class='ocrx_word' id='word_1_108' title='bbox 1367 1200 1464 1231; x_wconf 78' lang='lat' dir='ltr'>sinus</span> <span class='ocrx_word' id='word_1_109' title='bbox 1483 1200 1619 1232; x_wconf 72' lang='lat' dir='ltr'>Taurus</span> 
     </span>
     <span class='ocr_line' id='line_1_16' title="bbox 80 1250 1617 1292; baseline -0.002 -7"><span class='ocrx_word' id='word_1_110' title='bbox 80 1264 176 1285; x_wconf 82' lang='lat' dir='ltr'>mons</span> <span class='ocrx_word' id='word_1_111' title='bbox 198 1253 238 1284; x_wconf 86' lang='lat' dir='ltr'>ab</span> <span class='ocrx_word' id='word_1_112' title='bbox 261 1253 343 1284; x_wconf 79' lang='lat' dir='ltr'>Eois</span> <span class='ocrx_word' id='word_1_113' title='bbox 362 1253 502 1284; x_wconf 79' lang='lat' dir='ltr'>ueniens</span> <span class='ocrx_word' id='word_1_114' title='bbox 519 1252 671 1284; x_wconf 77' lang='lat' dir='ltr'>litoribus</span> <span class='ocrx_word' id='word_1_115' title='bbox 689 1251 885 1284; x_wconf 83' lang='lat' dir='ltr'>Chelidonio</span> <span class='ocrx_word' id='word_1_116' title='bbox 900 1251 1136 1292; x_wconf 79' lang='lat' dir='ltr'>promunturio</span> <span class='ocrx_word' id='word_1_117' title='bbox 1153 1250 1376 1289; x_wconf 72' lang='lat' dir='ltr'>disterminat,</span> <span class='ocrx_word' id='word_1_118' title='bbox 1402 1251 1494 1282; x_wconf 75' lang='lat' dir='ltr'>circa</span> <span class='ocrx_word' id='word_1_119' title='bbox 1511 1261 1617 1292; x_wconf 88' lang='lat' dir='ltr'>quam</span> 
     </span>
     <span class='ocr_line' id='line_1_17' title="bbox 80 1301 1619 1347; baseline -0.003 -10"><span class='ocrx_word' id='word_1_120' title='bbox 80 1306 257 1347; x_wconf 84' lang='lat' dir='ltr'>regionem</span> <span class='ocrx_word' id='word_1_121' title='bbox 280 1304 466 1344; x_wconf 88' lang='lat' dir='ltr'>Pompeius</span> <span class='ocrx_word' id='word_1_122' title='bbox 492 1303 585 1345; x_wconf 86' lang='lat' dir='ltr'>apud</span> <span class='ocrx_word' id='word_1_123' title='bbox 604 1303 784 1335; x_wconf 89' lang='lat' dir='ltr'>Lucanum</span> <span class='ocrx_word' id='word_1_124' title='bbox 810 1312 877 1334; x_wconf 83' lang='lat' dir='ltr'>vm</span> <span class='ocrx_word' id='word_1_125' title='bbox 900 1304 965 1334; x_wconf 86' lang='lat'>255</span> <span class='ocrx_word' id='word_1_126' title='bbox 991 1313 1011 1334; x_wconf 91' lang='lat' dir='ltr'>a</span> <span class='ocrx_word' id='word_1_127' title='bbox 1036 1303 1122 1333; x_wconf 88' lang='lat' dir='ltr'>mari</span> <span class='ocrx_word' id='word_1_128' title='bbox 1151 1303 1304 1333; x_wconf 81' lang='lat' dir='ltr'>Taurum</span> <span class='ocrx_word' id='word_1_129' title='bbox 1331 1302 1506 1343; x_wconf 82' lang='lat' dir='ltr'>Tauroque</span> <span class='ocrx_word' id='word_1_130' title='bbox 1528 1301 1619 1333; x_wconf 78' lang='lat' dir='ltr'>uidet</span> 
     </span>
     <span class='ocr_line' id='line_1_18' title="bbox 86 1353 1619 1397; baseline -0.001 -10"><span class='ocrx_word' id='word_1_131' title='bbox 86 1356 260 1397; x_wconf 80' lang='lat' dir='ltr'>Dipsunta</span> <span class='ocrx_word' id='word_1_132' title='bbox 272 1355 440 1387; x_wconf 80' lang='lat' dir='ltr'>cadentem</span> <span class='ocrx_word' id='word_1_133' title='bbox 529 1355 593 1386; x_wconf 83' lang='lat'>624</span> <span class='ocrx_word' id='word_1_134' title='bbox 607 1354 753 1387; x_wconf 69' lang='lat' dir='ltr'>Cilicum</span> <span class='ocrx_word' id='word_1_135' title='bbox 763 1354 919 1395; x_wconf 77' lang='lat' dir='ltr'>populos,</span> <span class='ocrx_word' id='word_1_136' title='bbox 938 1355 1002 1386; x_wconf 87' lang='lat'>799</span> <span class='ocrx_word' id='word_1_137' title='bbox 1020 1353 1166 1386; x_wconf 83' lang='lat' dir='ltr'>Cilicum</span> <span class='ocrx_word' id='word_1_138' title='bbox 1184 1354 1300 1393; x_wconf 73' lang='lat' dir='ltr'>yemis,</span> <span class='ocrx_word' id='word_1_139' title='bbox 1314 1353 1416 1385; x_wconf 90' lang='lat' dir='ltr'>Dion.</span> <span class='ocrx_word' id='word_1_140' title='bbox 1433 1354 1498 1385; x_wconf 83' lang='lat'>864</span> <span class='ocrx_word' id='word_1_141' title='bbox 1516 1356 1619 1386; x_wconf 81' lang='grc' dir='ltr'>κεῖνόσ</span> 
     </span>
     <span class='ocr_line' id='line_1_19' title="bbox 83 1404 1620 1448; baseline -0.002 -9"><span class='ocrx_word' id='word_1_142' title='bbox 83 1421 132 1439; x_wconf 89' lang='grc' dir='ltr'>τοι</span> <span class='ocrx_word' id='word_1_143' title='bbox 150 1409 291 1439; x_wconf 85' lang='grc' dir='ltr'>Κιλίκων</span> <span class='ocrx_word' id='word_1_144' title='bbox 305 1409 506 1448; x_wconf 84' lang='grc' dir='ltr'>περισύρεται</span> <span class='ocrx_word' id='word_1_145' title='bbox 525 1409 618 1438; x_wconf 76' lang='grc' dir='ltr'>ἔθνεα</span> <span class='ocrx_word' id='word_1_146' title='bbox 636 1409 772 1445; x_wconf 86' lang='grc' dir='ltr'>κόλποσ,</span> <span class='ocrx_word' id='word_1_147' title='bbox 792 1416 835 1437; x_wconf 86' lang='grc'>116</span> <span class='ocrx_word' id='word_1_148' title='bbox 857 1406 934 1446; x_wconf 90' lang='lat' dir='ltr'>quis</span> <span class='ocrx_word' id='word_1_149' title='bbox 953 1405 1043 1437; x_wconf 86' lang='lat' dir='ltr'>forte</span> <span class='ocrx_word' id='word_1_150' title='bbox 1065 1405 1109 1436; x_wconf 92' lang='lat' dir='ltr'>ob</span> <span class='ocrx_word' id='word_1_151' title='bbox 1127 1405 1272 1446; x_wconf 71' lang='lat' dir='ltr'>populos</span> <span class='ocrx_word' id='word_1_152' title='bbox 1292 1408 1373 1436; x_wconf 88' lang='lat' dir='ltr'>ante</span> <span class='ocrx_word' id='word_1_153' title='bbox 1394 1404 1481 1436; x_wconf 95' lang='grc'>(11108</span> <span class='ocrx_word' id='word_1_154' title='bbox 1501 1414 1620 1436; x_wconf 84' lang='lat' dir='ltr'>uersus</span> 
     </span>
     <span class='ocr_line' id='line_1_20' title="bbox 83 1456 1622 1500; baseline -0.002 -10"><span class='ocrx_word' id='word_1_155' title='bbox 83 1459 236 1500; x_wconf 83' lang='lat' dir='ltr'>positum</span> <span class='ocrx_word' id='word_1_156' title='bbox 257 1458 409 1498; x_wconf 78' lang='lat' dir='ltr'>scopulos</span> <span class='ocrx_word' id='word_1_157' title='bbox 424 1458 574 1489; x_wconf 87' lang='lat' dir='ltr'>coniciat</span> <span class='ocrx_word' id='word_1_158' title='bbox 663 1457 725 1488; x_wconf 88' lang='grc'>625</span> <span class='ocrx_word' id='word_1_159' title='bbox 743 1460 920 1495; x_wconf 71' lang='lat' dir='ltr'>fug-lentes</span> <span class='ocrx_word' id='word_1_160' title='bbox 938 1456 1012 1494; x_wconf 81' lang='lat' dir='ltr'>GL2,</span> <span class='ocrx_word' id='word_1_161' title='bbox 1031 1459 1200 1495; x_wconf 84' lang='lat' dir='ltr'>fulgentis</span> <span class='ocrx_word' id='word_1_162' title='bbox 1213 1460 1247 1494; x_wconf 88' lang='lat' dir='ltr'>L,</span> <span class='ocrx_word' id='word_1_163' title='bbox 1261 1459 1417 1495; x_wconf 77' lang='lat' dir='ltr'>sugentis</span> <span class='ocrx_word' id='word_1_164' title='bbox 1435 1460 1469 1488; x_wconf 87' lang='lat' dir='ltr'>M</span> <span class='ocrx_word' id='word_1_165' title='bbox 1558 1456 1622 1487; x_wconf 85' lang='grc'>626</span> 
     </span>
     <span class='ocr_line' id='line_1_21' title="bbox 83 1506 1622 1549; baseline -0.002 -8"><span class='ocrx_word' id='word_1_166' title='bbox 83 1509 218 1541; x_wconf 81' lang='lat' dir='ltr'>redeunt</span> <span class='ocrx_word' id='word_1_167' title='bbox 228 1512 264 1541; x_wconf 88' lang='lat' dir='ltr'>et</span> <span class='ocrx_word' id='word_1_168' title='bbox 276 1510 339 1541; x_wconf 84' lang='lat'>627</span> <span class='ocrx_word' id='word_1_169' title='bbox 355 1509 474 1540; x_wconf 76' lang='lat' dir='ltr'>iterum</span> <span class='ocrx_word' id='word_1_170' title='bbox 489 1508 534 1539; x_wconf 88' lang='lat' dir='ltr'>ad</span> <span class='ocrx_word' id='word_1_171' title='bbox 550 1509 610 1540; x_wconf 88' lang='grc'>601</span> <span class='ocrx_word' id='word_1_172' title='bbox 631 1508 821 1549; x_wconf 86' lang='lat' dir='ltr'>respiciunt</span> <span class='ocrx_word' id='word_1_173' title='bbox 909 1508 972 1539; x_wconf 79' lang='lat'>627</span> <span class='ocrx_word' id='word_1_174' title='bbox 987 1507 1174 1545; x_wconf 77' lang='lat' dir='ltr'>morientia,</span> <span class='ocrx_word' id='word_1_175' title='bbox 1190 1517 1262 1539; x_wconf 90' lang='lat' dir='ltr'>esse</span> <span class='ocrx_word' id='word_1_176' title='bbox 1276 1507 1469 1539; x_wconf 79' lang='lat' dir='ltr'>desinentia</span> <span class='ocrx_word' id='word_1_177' title='bbox 1483 1519 1492 1545; x_wconf 89' lang='lat'>;</span> <span class='ocrx_word' id='word_1_178' title='bbox 1519 1506 1622 1538; x_wconf 81' lang='lat' dir='ltr'>Asiae</span> 
     </span>
     <span class='ocr_line' id='line_1_22' title="bbox 80 1558 1621 1602; baseline -0.002 -10"><span class='ocrx_word' id='word_1_179' title='bbox 80 1561 177 1592; x_wconf 86' lang='lat' dir='ltr'>enim</span> <span class='ocrx_word' id='word_1_180' title='bbox 192 1560 395 1602; x_wconf 83' lang='lat' dir='ltr'>Libyaeque</span> <span class='ocrx_word' id='word_1_181' title='bbox 413 1559 602 1591; x_wconf 88' lang='lat' dir='ltr'>terminum</span> <span class='ocrx_word' id='word_1_182' title='bbox 619 1558 780 1590; x_wconf 72' lang='lat' dir='ltr'>Manilius</span> <span class='ocrx_word' id='word_1_183' title='bbox 796 1569 867 1590; x_wconf 91' lang='lat' dir='ltr'>non</span> <span class='ocrx_word' id='word_1_184' title='bbox 883 1558 1052 1590; x_wconf 83' lang='lat' dir='ltr'>isthmum</span> <span class='ocrx_word' id='word_1_185' title='bbox 1070 1558 1287 1590; x_wconf 87' lang='lat' dir='ltr'>Pelusiacum</span> <span class='ocrx_word' id='word_1_186' title='bbox 1304 1562 1340 1590; x_wconf 89' lang='lat' dir='ltr'>et</span> <span class='ocrx_word' id='word_1_187' title='bbox 1361 1559 1475 1589; x_wconf 87' lang='lat' dir='ltr'>sinum</span> <span class='ocrx_word' id='word_1_188' title='bbox 1498 1558 1621 1590; x_wconf 89' lang='lat' dir='ltr'>Arabi-</span> 
     </span>
     <span class='ocr_line' id='line_1_23' title="bbox 86 1609 1622 1651; baseline -0.001 -8"><span class='ocrx_word' id='word_1_189' title='bbox 86 1621 166 1643; x_wconf 92' lang='lat' dir='ltr'>cum</span> <span class='ocrx_word' id='word_1_190' title='bbox 180 1610 241 1643; x_wconf 86' lang='lat' dir='ltr'>sed</span> <span class='ocrx_word' id='word_1_191' title='bbox 258 1611 378 1643; x_wconf 81' lang='lat' dir='ltr'>Nilum</span> <span class='ocrx_word' id='word_1_192' title='bbox 396 1620 535 1642; x_wconf 87' lang='lat' dir='ltr'>amnem</span> <span class='ocrx_word' id='word_1_193' title='bbox 553 1610 650 1647; x_wconf 80' lang='lat' dir='ltr'>facit,</span> <span class='ocrx_word' id='word_1_194' title='bbox 665 1610 755 1641; x_wconf 89' lang='lat' dir='ltr'>sicut</span> <span class='ocrx_word' id='word_1_195' title='bbox 767 1611 837 1641; x_wconf 87' lang='lat' dir='ltr'>iam</span> <span class='ocrx_word' id='word_1_196' title='bbox 852 1609 955 1641; x_wconf 88' lang='lat' dir='ltr'>Ionas</span> <span class='ocrx_word' id='word_1_197' title='bbox 968 1609 1087 1641; x_wconf 82' lang='lat' dir='ltr'>fecisse</span> <span class='ocrx_word' id='word_1_198' title='bbox 1102 1609 1301 1641; x_wconf 91' lang='lat' dir='ltr'>Herodotus</span> <span class='ocrx_word' id='word_1_199' title='bbox 1313 1609 1386 1651; x_wconf 88' lang='lat' dir='ltr'>ipse</span> <span class='ocrx_word' id='word_1_200' title='bbox 1400 1609 1541 1651; x_wconf 89' lang='lat' dir='ltr'>quidem</span> <span class='ocrx_word' id='word_1_201' title='bbox 1554 1609 1622 1641; x_wconf 87' lang='lat' dir='ltr'>dis-</span> 
     </span>
     <span class='ocr_line' id='line_1_24' title="bbox 82 1660 1620 1702; baseline -0.001 -8"><span class='ocrx_word' id='word_1_202' title='bbox 82 1663 236 1695; x_wconf 78' lang='lat' dir='ltr'>sentiens</span> <span class='ocrx_word' id='word_1_203' title='bbox 247 1661 356 1694; x_wconf 82' lang='lat' dir='ltr'>tradit</span> <span class='ocrx_word' id='word_1_204' title='bbox 366 1670 395 1693; x_wconf 84' lang='grc' dir='ltr'><strong>Π</strong></span> <span class='ocrx_word' id='word_1_205' title='bbox 408 1663 492 1693; x_wconf 85' lang='grc'>15-7</span> <span class='ocrx_word' id='word_1_206' title='bbox 504 1664 540 1693; x_wconf 89' lang='lat' dir='ltr'>et</span> <span class='ocrx_word' id='word_1_207' title='bbox 550 1661 707 1692; x_wconf 82' lang='lat' dir='ltr'>fecerunt</span> <span class='ocrx_word' id='word_1_208' title='bbox 718 1661 1012 1702; x_wconf 86' lang='lat' dir='ltr'>plerique.Polyb.</span> <span class='ocrx_word' id='word_1_209' title='bbox 1025 1669 1068 1692; x_wconf 85' lang='lat'>111</span> <span class='ocrx_word' id='word_1_210' title='bbox 1079 1662 1119 1693; x_wconf 88' lang='lat'>37</span> <span class='ocrx_word' id='word_1_211' title='bbox 1131 1662 1208 1698; x_wconf 88' lang='grc'><strong>3-5,</strong></span> <span class='ocrx_word' id='word_1_212' title='bbox 1221 1660 1335 1693; x_wconf 90' lang='lat' dir='ltr'>Strab.</span> <span class='ocrx_word' id='word_1_213' title='bbox 1350 1669 1378 1692; x_wconf 86' lang='lat'>11</span> <span class='ocrx_word' id='word_1_214' title='bbox 1391 1671 1424 1702; x_wconf 89' lang='lat' dir='ltr'>p.</span> <span class='ocrx_word' id='word_1_215' title='bbox 1442 1662 1515 1698; x_wconf 91' lang='lat'>130,</span> <span class='ocrx_word' id='word_1_216' title='bbox 1530 1660 1620 1702; x_wconf 86' lang='lat' dir='ltr'>Scyl.</span> 
     </span>
     <span class='ocr_line' id='line_1_25' title="bbox 87 1712 1624 1756; baseline -0.002 -10"><span class='ocrx_word' id='word_1_217' title='bbox 87 1715 161 1752; x_wconf 90' lang='lat'>107,</span> <span class='ocrx_word' id='word_1_218' title='bbox 177 1714 279 1746; x_wconf 90' lang='lat' dir='ltr'>Dion.</span> <span class='ocrx_word' id='word_1_219' title='bbox 296 1713 421 1756; x_wconf 84' lang='lat' dir='ltr'>perieg.</span> <span class='ocrx_word' id='word_1_220' title='bbox 439 1714 537 1751; x_wconf 88' lang='lat'>10-3,</span> <span class='ocrx_word' id='word_1_221' title='bbox 554 1714 698 1750; x_wconf 32' lang='lat' dir='ltr'>228ff31,</span> <span class='ocrx_word' id='word_1_222' title='bbox 712 1713 833 1750; x_wconf 86' lang='lat'>262-4,</span> <span class='ocrx_word' id='word_1_223' title='bbox 849 1713 924 1750; x_wconf 80' lang='lat'>892,</span> <span class='ocrx_word' id='word_1_224' title='bbox 937 1712 1014 1744; x_wconf 90' lang='lat' dir='ltr'>Mel.</span> <span class='ocrx_word' id='word_1_225' title='bbox 1032 1721 1046 1743; x_wconf 85' lang='grc' dir='ltr'>Ι</span> <span class='ocrx_word' id='word_1_226' title='bbox 1062 1713 1093 1750; x_wconf 89' lang='grc'>8,</span> <span class='ocrx_word' id='word_1_227' title='bbox 1109 1713 1163 1750; x_wconf 84' lang='grc'>20,</span> <span class='ocrx_word' id='word_1_228' title='bbox 1177 1712 1264 1743; x_wconf 91' lang='lat' dir='ltr'>Plin.</span> <span class='ocrx_word' id='word_1_229' title='bbox 1278 1712 1348 1744; x_wconf 90' lang='lat' dir='ltr'>n.h.</span> <span class='ocrx_word' id='word_1_230' title='bbox 1363 1720 1407 1744; x_wconf 85' lang='lat'>111</span> <span class='ocrx_word' id='word_1_231' title='bbox 1420 1713 1452 1750; x_wconf 89' lang='lat'>3,</span> <span class='ocrx_word' id='word_1_232' title='bbox 1466 1721 1489 1743; x_wconf 85' lang='lat' dir='ltr'><strong>v</strong></span> <span class='ocrx_word' id='word_1_233' title='bbox 1502 1713 1544 1744; x_wconf 88' lang='lat'>47</span> <span class='ocrx_word' id='word_1_234' title='bbox 1558 1722 1624 1753; x_wconf 84' lang='lat' dir='ltr'>sq..</span> 
     </span>
     <span class='ocr_line' id='line_1_26' title="bbox 84 1763 1624 1806; baseline -0.001 -9"><span class='ocrx_word' id='word_1_235' title='bbox 84 1766 186 1798; x_wconf 86' lang='lat' dir='ltr'>Mart.</span> <span class='ocrx_word' id='word_1_236' title='bbox 218 1765 300 1806; x_wconf 82' lang='lat' dir='ltr'>cap.</span> <span class='ocrx_word' id='word_1_237' title='bbox 332 1774 371 1797; x_wconf 91' lang='lat' dir='ltr'>v1</span> <span class='ocrx_word' id='word_1_238' title='bbox 401 1768 417 1804; x_wconf 65' lang='grc' dir='ltr'>ξ</span> <span class='ocrx_word' id='word_1_239' title='bbox 432 1765 496 1796; x_wconf 91' lang='grc'>626</span> <span class='ocrx_word' id='word_1_240' title='bbox 585 1765 649 1796; x_wconf 89' lang='grc'>629</span> <span class='ocrx_word' id='word_1_241' title='bbox 682 1763 826 1796; x_wconf 77' lang='lat' dir='ltr'>harenis.</span> <span class='ocrx_word' id='word_1_242' title='bbox 876 1770 883 1782; x_wconf 77' lang='lat'>·&#39;</span> <span class='ocrx_word' id='word_1_243' title='bbox 898 1764 971 1805; x_wconf 79' lang='lat' dir='ltr'>lege</span> <span class='ocrx_word' id='word_1_244' title='bbox 1010 1763 1155 1795; x_wconf 59' lang='lat' dir='ltr'>habenis</span> <span class='ocrx_word' id='word_1_245' title='bbox 1204 1773 1306 1805; x_wconf 87' lang='lat' dir='ltr'>saepe</span> <span class='ocrx_word' id='word_1_246' title='bbox 1339 1763 1432 1805; x_wconf 86' lang='lat' dir='ltr'>apud</span> <span class='ocrx_word' id='word_1_247' title='bbox 1465 1767 1624 1795; x_wconf 83' lang='lat' dir='ltr'>auctores</span> 
     </span>
     <span class='ocr_line' id='line_1_27' title="bbox 84 1814 1624 1857; baseline -0.002 -8"><span class='ocrx_word' id='word_1_248' title='bbox 84 1817 169 1849; x_wconf 86' lang='lat' dir='ltr'>haec</span> <span class='ocrx_word' id='word_1_249' title='bbox 190 1819 374 1848; x_wconf 89' lang='lat' dir='ltr'>mutantur</span> <span class='ocrx_word' id='word_1_250' title='bbox 394 1816 538 1853; x_wconf 78' lang='lat' dir='ltr'>harenis,</span> <span class='ocrx_word' id='word_1_251' title='bbox 561 1815 707 1847; x_wconf 76' lang='lat' dir='ltr'>habenis.</span> <span class='ocrx_word' id='word_1_252' title='bbox 756 1825 838 1846; x_wconf 89' lang='lat' dir='ltr'>uera</span> <span class='ocrx_word' id='word_1_253' title='bbox 858 1815 960 1847; x_wconf 88' lang='lat' dir='ltr'>lectio</span> <span class='ocrx_word' id='word_1_254' title='bbox 981 1815 1066 1846; x_wconf 87' lang='lat' dir='ltr'>haec</span> <span class='ocrx_word' id='word_1_255' title='bbox 1080 1815 1088 1828; x_wconf 90' lang='lat'>’</span> <span class='ocrx_word' id='word_1_256' title='bbox 1111 1814 1271 1857; x_wconf 87' lang='lat' dir='ltr'>Scaliger,</span> <span class='ocrx_word' id='word_1_257' title='bbox 1293 1825 1382 1856; x_wconf 90' lang='lat' dir='ltr'>quae</span> <span class='ocrx_word' id='word_1_258' title='bbox 1402 1815 1624 1847; x_wconf 83' lang='lat' dir='ltr'>ratiocinatio</span> 
     </span>
     <span class='ocr_line' id='line_1_28' title="bbox 85 1866 1623 1910; baseline -0.001 -11"><span class='ocrx_word' id='word_1_259' title='bbox 85 1868 212 1910; x_wconf 89' lang='lat' dir='ltr'>quibus</span> <span class='ocrx_word' id='word_1_260' title='bbox 227 1878 297 1899; x_wconf 91' lang='lat' dir='ltr'>non</span> <span class='ocrx_word' id='word_1_261' title='bbox 314 1868 522 1909; x_wconf 84' lang='lat' dir='ltr'>persuaserit</span> <span class='ocrx_word' id='word_1_262' title='bbox 538 1870 608 1898; x_wconf 89' lang='lat' dir='ltr'>tres</span> <span class='ocrx_word' id='word_1_263' title='bbox 624 1877 743 1898; x_wconf 87' lang='lat' dir='ltr'>sumus</span> <span class='ocrx_word' id='word_1_264' title='bbox 760 1867 912 1905; x_wconf 88' lang='lat' dir='ltr'>omnino,</span> <span class='ocrx_word' id='word_1_265' title='bbox 929 1877 992 1908; x_wconf 87' lang='lat' dir='ltr'>ego</span> <span class='ocrx_word' id='word_1_266' title='bbox 1008 1869 1044 1898; x_wconf 87' lang='lat' dir='ltr'>et</span> <span class='ocrx_word' id='word_1_267' title='bbox 1060 1866 1209 1898; x_wconf 88' lang='lat' dir='ltr'>Iacobus</span> <span class='ocrx_word' id='word_1_268' title='bbox 1225 1869 1262 1898; x_wconf 88' lang='lat' dir='ltr'>et</span> <span class='ocrx_word' id='word_1_269' title='bbox 1277 1867 1409 1908; x_wconf 88' lang='lat' dir='ltr'>primus</span> <span class='ocrx_word' id='word_1_270' title='bbox 1425 1866 1623 1904; x_wconf 89' lang='lat' dir='ltr'>Stoeberus,</span> 
     </span>
     <span class='ocr_line' id='line_1_29' title="bbox 86 1917 1624 1960; baseline 0 -10"><span class='ocrx_word' id='word_1_271' title='bbox 86 1919 228 1960; x_wconf 89' lang='lat' dir='ltr'>quicum</span> <span class='ocrx_word' id='word_1_272' title='bbox 245 1918 463 1950; x_wconf 85' lang='lat' dir='ltr'>consentiens</span> <span class='ocrx_word' id='word_1_273' title='bbox 480 1918 648 1950; x_wconf 83' lang='lat' dir='ltr'>horresco.</span> <span class='ocrx_word' id='word_1_274' title='bbox 697 1921 732 1949; x_wconf 88' lang='lat' dir='ltr'>et</span> <span class='ocrx_word' id='word_1_275' title='bbox 749 1921 868 1949; x_wconf 87' lang='lat' dir='ltr'>tamen</span> <span class='ocrx_word' id='word_1_276' title='bbox 890 1928 932 1949; x_wconf 89' lang='lat' dir='ltr'>ne</span> <span class='ocrx_word' id='word_1_277' title='bbox 956 1918 1126 1959; x_wconf 88' lang='lat' dir='ltr'>Scaligero</span> <span class='ocrx_word' id='word_1_278' title='bbox 1148 1917 1289 1959; x_wconf 89' lang='lat' dir='ltr'>quidem</span> <span class='ocrx_word' id='word_1_279' title='bbox 1307 1917 1394 1949; x_wconf 89' lang='lat' dir='ltr'>duce</span> <span class='ocrx_word' id='word_1_280' title='bbox 1411 1921 1447 1949; x_wconf 79' lang='lat' dir='ltr'>et</span> <span class='ocrx_word' id='word_1_281' title='bbox 1463 1918 1624 1950; x_wconf 85' lang='lat' dir='ltr'>Bentleio</span> 
     </span>
     <span class='ocr_line' id='line_1_30' title="bbox 83 1968 1622 2010; baseline -0.001 -8"><span class='ocrx_word' id='word_1_282' title='bbox 83 1971 213 2002; x_wconf 87' lang='lat' dir='ltr'>comite</span> <span class='ocrx_word' id='word_1_283' title='bbox 247 1969 432 2001; x_wconf 88' lang='lat' dir='ltr'>errandum</span> <span class='ocrx_word' id='word_1_284' title='bbox 465 1968 543 2000; x_wconf 78' lang='lat' dir='ltr'>fuit.</span> <span class='ocrx_word' id='word_1_285' title='bbox 592 1968 676 2010; x_wconf 87' lang='lat' dir='ltr'>quid</span> <span class='ocrx_word' id='word_1_286' title='bbox 706 1970 798 2000; x_wconf 89' lang='lat' dir='ltr'>enim</span> <span class='ocrx_word' id='word_1_287' title='bbox 820 1969 947 2000; x_wconf 89' lang='lat' dir='ltr'>rectius</span> <span class='ocrx_word' id='word_1_288' title='bbox 969 1969 1036 2000; x_wconf 90' lang='lat' dir='ltr'>dici</span> <span class='ocrx_word' id='word_1_289' title='bbox 1057 1972 1175 2010; x_wconf 85' lang='lat' dir='ltr'>potest</span> <span class='ocrx_word' id='word_1_290' title='bbox 1195 1979 1302 2010; x_wconf 91' lang='lat' dir='ltr'>quam</span> <span class='ocrx_word' id='word_1_291' title='bbox 1324 1979 1462 2000; x_wconf 84' lang='lat' dir='ltr'>orarum</span> <span class='ocrx_word' id='word_1_292' title='bbox 1483 1968 1622 2006; x_wconf 82' lang='lat' dir='ltr'>lineam,</span> 
     </span>
     <span class='ocr_line' id='line_1_31' title="bbox 87 2020 1624 2063; baseline 0 -10"><span class='ocrx_word' id='word_1_293' title='bbox 87 2032 177 2063; x_wconf 83' lang='lat' dir='ltr'>quae</span> <span class='ocrx_word' id='word_1_294' title='bbox 210 2024 358 2062; x_wconf 88' lang='lat' dir='ltr'>pontum</span> <span class='ocrx_word' id='word_1_295' title='bbox 392 2021 491 2052; x_wconf 86' lang='lat' dir='ltr'>terris</span> <span class='ocrx_word' id='word_1_296' title='bbox 523 2020 726 2058; x_wconf 84' lang='lat' dir='ltr'>circumdet,</span> <span class='ocrx_word' id='word_1_297' title='bbox 759 2020 907 2052; x_wconf 90' lang='lat' dir='ltr'>eandem</span> <span class='ocrx_word' id='word_1_298' title='bbox 940 2020 1074 2052; x_wconf 84' lang='lat' dir='ltr'>harenis</span> <span class='ocrx_word' id='word_1_299' title='bbox 1106 2020 1218 2052; x_wconf 88' lang='lat' dir='ltr'>undas</span> <span class='ocrx_word' id='word_1_300' title='bbox 1254 2021 1486 2062; x_wconf 84' lang='lat' dir='ltr'>constringere</span> <span class='ocrx_word' id='word_1_301' title='bbox 1500 2023 1514 2052; x_wconf 66' lang='grc' dir='ltr'>’ἰ</span> <span class='ocrx_word' id='word_1_302' title='bbox 1561 2024 1624 2053; x_wconf 75' lang='lat' dir='ltr'>aut</span> 
     </span>
     <span class='ocr_line' id='line_1_32' title="bbox 86 2070 1624 2113; baseline 0 -10"><span class='ocrx_word' id='word_1_303' title='bbox 86 2082 178 2113; x_wconf 89' lang='lat' dir='ltr'>quae</span> <span class='ocrx_word' id='word_1_304' title='bbox 189 2072 298 2113; x_wconf 86' lang='lat' dir='ltr'>magis</span> <span class='ocrx_word' id='word_1_305' title='bbox 309 2071 496 2103; x_wconf 83' lang='lat' dir='ltr'>abhorrens</span> <span class='ocrx_word' id='word_1_306' title='bbox 508 2070 590 2112; x_wconf 83' lang='lat' dir='ltr'>fingi</span> <span class='ocrx_word' id='word_1_307' title='bbox 600 2071 714 2112; x_wconf 86' lang='lat' dir='ltr'>imago</span> <span class='ocrx_word' id='word_1_308' title='bbox 731 2081 837 2111; x_wconf 88' lang='lat' dir='ltr'>quam</span> <span class='ocrx_word' id='word_1_309' title='bbox 853 2074 986 2102; x_wconf 90' lang='lat' dir='ltr'>tractus</span> <span class='ocrx_word' id='word_1_310' title='bbox 999 2072 1165 2102; x_wconf 87' lang='lat' dir='ltr'>maritimi</span> <span class='ocrx_word' id='word_1_311' title='bbox 1177 2081 1247 2103; x_wconf 92' lang='lat' dir='ltr'>non</span> <span class='ocrx_word' id='word_1_312' title='bbox 1261 2071 1358 2103; x_wconf 86' lang='lat' dir='ltr'>uerbi</span> <span class='ocrx_word' id='word_1_313' title='bbox 1369 2081 1474 2102; x_wconf 85' lang='lat' dir='ltr'>causa</span> <span class='ocrx_word' id='word_1_314' title='bbox 1486 2071 1624 2112; x_wconf 87' lang='lat' dir='ltr'>cingulo</span> 
     </span>
     <span class='ocr_line' id='line_1_33' title="bbox 85 2121 1444 2163; baseline -0.001 -8"><span class='ocrx_word' id='word_1_315' title='bbox 85 2123 147 2155; x_wconf 88' lang='lat' dir='ltr'>sed</span> <span class='ocrx_word' id='word_1_316' title='bbox 177 2121 313 2154; x_wconf 76' lang='lat' dir='ltr'>habenis</span> <span class='ocrx_word' id='word_1_317' title='bbox 342 2122 532 2159; x_wconf 79' lang='lat' dir='ltr'>constricti,</span> <span class='ocrx_word' id='word_1_318' title='bbox 562 2122 687 2153; x_wconf 85' lang='lat' dir='ltr'>mirum</span> <span class='ocrx_word' id='word_1_319' title='bbox 717 2122 753 2152; x_wconf 88' lang='lat' dir='ltr'>ni</span> <span class='ocrx_word' id='word_1_320' title='bbox 782 2125 862 2163; x_wconf 86' lang='lat' dir='ltr'>post</span> <span class='ocrx_word' id='word_1_321' title='bbox 891 2125 1026 2163; x_wconf 86' lang='lat' dir='ltr'>tergum</span> <span class='ocrx_word' id='word_1_322' title='bbox 1055 2122 1224 2163; x_wconf 88' lang='lat' dir='ltr'>colligatis</span> <span class='ocrx_word' id='word_1_323' title='bbox 1253 2122 1414 2154; x_wconf 86' lang='lat' dir='ltr'>manibus</span> <span class='ocrx_word' id='word_1_324' title='bbox 1430 2124 1444 2154; x_wconf 67' lang='grc' dir='ltr'><em>ἲ</em></span> 
     </span>
     <span class='ocr_line' id='line_1_34' title="bbox 131 2172 1623 2214; baseline 0.001 -9"><span class='ocrx_word' id='word_1_325' title='bbox 131 2174 281 2205; x_wconf 83' lang='grc'>630-641</span> <span class='ocrx_word' id='word_1_326' title='bbox 300 2173 471 2204; x_wconf 89' lang='lat' dir='ltr'>accedunt</span> <span class='ocrx_word' id='word_1_327' title='bbox 487 2172 619 2204; x_wconf 88' lang='lat' dir='ltr'>insulae</span> <span class='ocrx_word' id='word_1_328' title='bbox 635 2175 671 2204; x_wconf 82' lang='lat' dir='ltr'>et</span> <span class='ocrx_word' id='word_1_329' title='bbox 688 2173 723 2204; x_wconf 92' lang='lat' dir='ltr'>in</span> <span class='ocrx_word' id='word_1_330' title='bbox 740 2173 859 2214; x_wconf 82' lang='lat' dir='ltr'>primis</span> <span class='ocrx_word' id='word_1_331' title='bbox 874 2174 1038 2214; x_wconf 89' lang='lat' dir='ltr'>quinque,</span> <span class='ocrx_word' id='word_1_332' title='bbox 1053 2172 1212 2205; x_wconf 84' lang='lat' dir='ltr'>Sardinia</span> <span class='ocrx_word' id='word_1_333' title='bbox 1228 2172 1343 2205; x_wconf 87' lang='lat' dir='ltr'>Sicilia</span> <span class='ocrx_word' id='word_1_334' title='bbox 1360 2173 1504 2206; x_wconf 86' lang='lat' dir='ltr'>Euboea</span> <span class='ocrx_word' id='word_1_335' title='bbox 1520 2173 1623 2206; x_wconf 78' lang='lat' dir='ltr'>Creta</span> 
     </span>
     <span class='ocr_line' id='line_1_35' title="bbox 87 2223 1624 2266; baseline 0 -9"><span class='ocrx_word' id='word_1_336' title='bbox 87 2225 230 2266; x_wconf 85' lang='lat' dir='ltr'>Cypros,</span> <span class='ocrx_word' id='word_1_337' title='bbox 279 2234 366 2265; x_wconf 84' lang='lat' dir='ltr'>quas</span> <span class='ocrx_word' id='word_1_338' title='bbox 414 2223 535 2255; x_wconf 86' lang='lat' dir='ltr'>Graeci</span> <span class='ocrx_word' id='word_1_339' title='bbox 579 2224 716 2255; x_wconf 85' lang='lat' dir='ltr'>Corsica</span> <span class='ocrx_word' id='word_1_340' title='bbox 752 2223 932 2265; x_wconf 87' lang='lat' dir='ltr'>Lesboque</span> <span class='ocrx_word' id='word_1_341' title='bbox 978 2224 1121 2255; x_wconf 84' lang='lat' dir='ltr'>adiectis</span> <span class='ocrx_word' id='word_1_342' title='bbox 1164 2227 1227 2256; x_wconf 84' lang='grc' dir='ltr'>τὰσ</span> <span class='ocrx_word' id='word_1_343' title='bbox 1263 2228 1346 2256; x_wconf 72' lang='grc' dir='ltr'>’ἑπτα</span> <span class='ocrx_word' id='word_1_344' title='bbox 1386 2224 1624 2266; x_wconf 87' lang='lat' dir='ltr'>appellabant,</span> 
     </span>
     <span class='ocr_line' id='line_1_36' title="bbox 87 2275 1624 2318; baseline 0.001 -11"><span class='ocrx_word' id='word_1_345' title='bbox 87 2277 219 2318; x_wconf 78' lang='lat' dir='ltr'>primus</span> <span class='ocrx_word' id='word_1_346' title='bbox 231 2275 348 2307; x_wconf 80' lang='lat' dir='ltr'>Alexis</span> <span class='ocrx_word' id='word_1_347' title='bbox 361 2285 415 2317; x_wconf 87' lang='lat' dir='ltr'>ap.</span> <span class='ocrx_word' id='word_1_348' title='bbox 431 2275 535 2307; x_wconf 89' lang='lat' dir='ltr'>schol.</span> <span class='ocrx_word' id='word_1_349' title='bbox 551 2275 639 2307; x_wconf 87' lang='lat' dir='ltr'>Plat.</span> <span class='ocrx_word' id='word_1_350' title='bbox 655 2285 687 2316; x_wconf 91' lang='lat' dir='ltr'>p.</span> <span class='ocrx_word' id='word_1_351' title='bbox 703 2276 768 2307; x_wconf 83' lang='lat'>392</span> <span class='ocrx_word' id='word_1_352' title='bbox 781 2275 903 2313; x_wconf 88' lang='lat' dir='ltr'>Bekk.,</span> <span class='ocrx_word' id='word_1_353' title='bbox 916 2275 1001 2316; x_wconf 83' lang='lat' dir='ltr'>frag.</span> <span class='ocrx_word' id='word_1_354' title='bbox 1017 2276 1082 2307; x_wconf 88' lang='grc'>268</span> <span class='ocrx_word' id='word_1_355' title='bbox 1094 2285 1180 2307; x_wconf 89' lang='lat' dir='ltr'>com.</span> <span class='ocrx_word' id='word_1_356' title='bbox 1196 2275 1270 2307; x_wconf 90' lang='lat' dir='ltr'>Att.</span> <span class='ocrx_word' id='word_1_357' title='bbox 1285 2275 1412 2307; x_wconf 87' lang='lat' dir='ltr'>Kockii</span> <span class='ocrx_word' id='word_1_358' title='bbox 1428 2288 1435 2308; x_wconf 74' lang='grc' dir='ltr'><strong><em>ε</em></strong></span> <span class='ocrx_word' id='word_1_359' title='bbox 1461 2276 1624 2309; x_wconf 86' lang='lat' dir='ltr'>Manilius</span> 
     </span>
     <span class='ocr_line' id='line_1_37' title="bbox 85 2325 1625 2368; baseline 0.001 -10"><span class='ocrx_word' id='word_1_360' title='bbox 85 2327 260 2359; x_wconf 86' lang='lat' dir='ltr'>Corsicam</span> <span class='ocrx_word' id='word_1_361' title='bbox 283 2327 444 2368; x_wconf 81' lang='lat' dir='ltr'>quamuis</span> <span class='ocrx_word' id='word_1_362' title='bbox 468 2325 707 2368; x_wconf 82' lang='lat' dir='ltr'>magnitudine</span> <span class='ocrx_word' id='word_1_363' title='bbox 730 2329 893 2367; x_wconf 86' lang='lat' dir='ltr'>quartam</span> <span class='ocrx_word' id='word_1_364' title='bbox 915 2326 1057 2358; x_wconf 76' lang='lat' dir='ltr'>inferius</span> <span class='ocrx_word' id='word_1_365' title='bbox 1079 2327 1236 2363; x_wconf 86' lang='lat' dir='ltr'>collocat,</span> <span class='ocrx_word' id='word_1_366' title='bbox 1261 2327 1397 2360; x_wconf 90' lang='lat' dir='ltr'>Lesbon</span> <span class='ocrx_word' id='word_1_367' title='bbox 1421 2330 1484 2359; x_wconf 86' lang='lat' dir='ltr'>aut</span> <span class='ocrx_word' id='word_1_368' title='bbox 1506 2329 1625 2360; x_wconf 86' lang='lat' dir='ltr'>omisit</span> 
     </span>
     <span class='ocr_line' id='line_1_38' title="bbox 87 2377 1625 2420; baseline 0.001 -10"><span class='ocrx_word' id='word_1_369' title='bbox 87 2381 150 2410; x_wconf 86' lang='lat' dir='ltr'>aut</span> <span class='ocrx_word' id='word_1_370' title='bbox 174 2378 364 2410; x_wconf 86' lang='lat' dir='ltr'>omiserunt</span> <span class='ocrx_word' id='word_1_371' title='bbox 384 2378 514 2409; x_wconf 89' lang='lat' dir='ltr'>librarii</span> <span class='ocrx_word' id='word_1_372' title='bbox 604 2378 665 2409; x_wconf 87' lang='lat'>631</span> <span class='ocrx_word' id='word_1_373' title='bbox 692 2378 731 2409; x_wconf 75' lang='lat' dir='ltr'>in</span> <span class='ocrx_word' id='word_1_374' title='bbox 758 2377 880 2418; x_wconf 81' lang='lat' dir='ltr'>Libyco</span> <span class='ocrx_word' id='word_1_375' title='bbox 905 2388 1062 2418; x_wconf 86' lang='lat' dir='ltr'>aequore.</span> <span class='ocrx_word' id='word_1_376' title='bbox 1114 2377 1193 2410; x_wconf 88' lang='lat' dir='ltr'>Sall.</span> <span class='ocrx_word' id='word_1_377' title='bbox 1219 2378 1299 2409; x_wconf 89' lang='lat' dir='ltr'>hist.</span> <span class='ocrx_word' id='word_1_378' title='bbox 1322 2387 1350 2409; x_wconf 94' lang='lat'>11</span> <span class='ocrx_word' id='word_1_379' title='bbox 1374 2389 1429 2420; x_wconf 86' lang='lat' dir='ltr'>ap.</span> <span class='ocrx_word' id='word_1_380' title='bbox 1449 2378 1533 2411; x_wconf 85' lang='lat' dir='ltr'>Gell.</span> <span class='ocrx_word' id='word_1_381' title='bbox 1554 2388 1625 2411; x_wconf 82' lang='lat' dir='ltr'>xm</span> 
     </span>
     <span class='ocr_line' id='line_1_39' title="bbox 87 2428 1624 2472; baseline 0.001 -11"><span class='ocrx_word' id='word_1_382' title='bbox 87 2431 130 2462; x_wconf 89' lang='lat'>30</span> <span class='ocrx_word' id='word_1_383' title='bbox 145 2431 165 2461; x_wconf 88' lang='lat'>5</span> <span class='ocrx_word' id='word_1_384' title='bbox 179 2432 215 2461; x_wconf 88' lang='lat' dir='ltr'>et</span> <span class='ocrx_word' id='word_1_385' title='bbox 229 2429 318 2460; x_wconf 90' lang='lat' dir='ltr'>Non.</span> <span class='ocrx_word' id='word_1_386' title='bbox 335 2440 368 2471; x_wconf 91' lang='lat' dir='ltr'>p.</span> <span class='ocrx_word' id='word_1_387' title='bbox 385 2430 427 2461; x_wconf 88' lang='grc'>53</span> <span class='ocrx_word' id='word_1_388' title='bbox 441 2428 607 2461; x_wconf 82' lang='lat' dir='ltr'>Sardinia</span> <span class='ocrx_word' id='word_1_389' title='bbox 621 2429 659 2461; x_wconf 81' lang='lat' dir='ltr'>in</span> <span class='ocrx_word' id='word_1_390' title='bbox 672 2428 789 2470; x_wconf 85' lang='lat' dir='ltr'>Africo</span> <span class='ocrx_word' id='word_1_391' title='bbox 803 2429 903 2467; x_wconf 85' lang='lat' dir='ltr'>mari,</span> <span class='ocrx_word' id='word_1_392' title='bbox 912 2428 1003 2470; x_wconf 84' lang='lat' dir='ltr'>facie</span> <span class='ocrx_word' id='word_1_393' title='bbox 1016 2429 1150 2470; x_wconf 73' lang='lat' dir='ltr'>uestiyii</span> <span class='ocrx_word' id='word_1_394' title='bbox 1164 2429 1306 2461; x_wconf 80' lang='lat' dir='ltr'>humani</span> <span class='ocrx_word' id='word_1_395' title='bbox 1319 2429 1468 2472; x_wconf 86' lang='lat' dir='ltr'>Scaliger</span> <span class='ocrx_word' id='word_1_396' title='bbox 1481 2431 1603 2463; x_wconf 88' lang='lat' dir='ltr'>attulit</span> <span class='ocrx_word' id='word_1_397' title='bbox 1616 2443 1624 2463; x_wconf 92' lang='lat'><strong>:</strong></span> 
     </span>
     <span class='ocr_line' id='line_1_40' title="bbox 81 2480 1622 2522; baseline 0.001 -10"><span class='ocrx_word' id='word_1_398' title='bbox 81 2480 169 2512; x_wconf 80' lang='lat' dir='ltr'>addi</span> <span class='ocrx_word' id='word_1_399' title='bbox 189 2483 335 2522; x_wconf 87' lang='lat' dir='ltr'>possunt</span> <span class='ocrx_word' id='word_1_400' title='bbox 356 2480 398 2512; x_wconf 88' lang='lat' dir='ltr'>de</span> <span class='ocrx_word' id='word_1_401' title='bbox 420 2481 506 2512; x_wconf 80' lang='lat' dir='ltr'>mari</span> <span class='ocrx_word' id='word_1_402' title='bbox 527 2480 604 2512; x_wconf 90' lang='lat' dir='ltr'>Mel.</span> <span class='ocrx_word' id='word_1_403' title='bbox 628 2489 656 2511; x_wconf 92' lang='lat'>11</span> <span class='ocrx_word' id='word_1_404' title='bbox 679 2480 753 2518; x_wconf 88' lang='lat'>123,</span> <span class='ocrx_word' id='word_1_405' title='bbox 775 2480 861 2512; x_wconf 86' lang='lat' dir='ltr'>Plin.</span> <span class='ocrx_word' id='word_1_406' title='bbox 884 2480 954 2512; x_wconf 89' lang='lat' dir='ltr'>n.h.</span> <span class='ocrx_word' id='word_1_407' title='bbox 978 2489 1021 2512; x_wconf 92' lang='lat'>111</span> <span class='ocrx_word' id='word_1_408' title='bbox 1043 2481 1096 2518; x_wconf 87' lang='lat'>83,</span> <span class='ocrx_word' id='word_1_409' title='bbox 1117 2481 1244 2522; x_wconf 91' lang='lat' dir='ltr'>Appul.</span> <span class='ocrx_word' id='word_1_410' title='bbox 1267 2480 1310 2513; x_wconf 92' lang='lat' dir='ltr'>de</span> <span class='ocrx_word' id='word_1_411' title='bbox 1330 2481 1449 2513; x_wconf 90' lang='lat' dir='ltr'>mund.</span> <span class='ocrx_word' id='word_1_412' title='bbox 1473 2482 1504 2520; x_wconf 89' lang='lat'>6,</span> <span class='ocrx_word' id='word_1_413' title='bbox 1526 2481 1622 2514; x_wconf 88' lang='lat' dir='ltr'>Seru.</span> 
     </span>
     <span class='ocr_line' id='line_1_41' title="bbox 86 2531 1621 2574; baseline 0.001 -11"><span class='ocrx_word' id='word_1_414' title='bbox 86 2532 171 2563; x_wconf 87' lang='lat' dir='ltr'>Aen.</span> <span class='ocrx_word' id='word_1_415' title='bbox 191 2540 235 2563; x_wconf 79' lang='grc' dir='ltr'>ΠΙ</span> <span class='ocrx_word' id='word_1_416' title='bbox 261 2533 334 2569; x_wconf 85' lang='grc'>104,</span> <span class='ocrx_word' id='word_1_417' title='bbox 355 2531 397 2562; x_wconf 84' lang='grc'>(16</span> <span class='ocrx_word' id='word_1_418' title='bbox 420 2531 533 2563; x_wconf 86' lang='lat' dir='ltr'>forma</span> <span class='ocrx_word' id='word_1_419' title='bbox 552 2532 696 2569; x_wconf 85' lang='lat' dir='ltr'>insulae,</span> <span class='ocrx_word' id='word_1_420' title='bbox 715 2531 807 2563; x_wconf 90' lang='lat' dir='ltr'>unde</span> <span class='ocrx_word' id='word_1_421' title='bbox 827 2542 953 2563; x_wconf 90' lang='lat' dir='ltr'>nomen</span> <span class='ocrx_word' id='word_1_422' title='bbox 974 2532 1108 2573; x_wconf 84' lang='lat' dir='ltr'>accepit</span> <span class='ocrx_word' id='word_1_423' title='bbox 1127 2532 1302 2572; x_wconf 86' lang='grc' dir='ltr'>Ἰχνοῦσσα</span> <span class='ocrx_word' id='word_1_424' title='bbox 1324 2535 1361 2564; x_wconf 85' lang='lat' dir='ltr'>et</span> <span class='ocrx_word' id='word_1_425' title='bbox 1386 2535 1621 2574; x_wconf 83' lang='grc' dir='ltr'>Σανδαλιῶτισ,</span> 
     </span>
     <span class='ocr_line' id='line_1_42' title="bbox 87 2582 1622 2622; baseline 0.001 -8"><span class='ocrx_word' id='word_1_426' title='bbox 87 2583 189 2615; x_wconf 86' lang='lat' dir='ltr'>Paus.</span> <span class='ocrx_word' id='word_1_427' title='bbox 210 2591 235 2614; x_wconf 85' lang='lat' dir='ltr'><strong>x</strong></span> <span class='ocrx_word' id='word_1_428' title='bbox 261 2583 300 2614; x_wconf 90' lang='lat'>17</span> <span class='ocrx_word' id='word_1_429' title='bbox 325 2583 356 2620; x_wconf 89' lang='grc'>2,</span> <span class='ocrx_word' id='word_1_430' title='bbox 381 2582 485 2614; x_wconf 86' lang='lat' dir='ltr'>Arist.</span> <span class='ocrx_word' id='word_1_431' title='bbox 511 2583 586 2614; x_wconf 85' lang='lat' dir='ltr'>mir.</span> <span class='ocrx_word' id='word_1_432' title='bbox 605 2593 696 2614; x_wconf 77' lang='lat' dir='ltr'>ausc,</span> <span class='ocrx_word' id='word_1_433' title='bbox 717 2584 792 2620; x_wconf 87' lang='lat'>100,</span> <span class='ocrx_word' id='word_1_434' title='bbox 809 2583 895 2614; x_wconf 90' lang='lat' dir='ltr'>Plin.</span> <span class='ocrx_word' id='word_1_435' title='bbox 913 2583 982 2614; x_wconf 92' lang='lat' dir='ltr'>n.h.</span> <span class='ocrx_word' id='word_1_436' title='bbox 1001 2592 1046 2615; x_wconf 86' lang='lat'>111</span> <span class='ocrx_word' id='word_1_437' title='bbox 1063 2584 1116 2621; x_wconf 89' lang='lat'>85,</span> <span class='ocrx_word' id='word_1_438' title='bbox 1133 2582 1191 2615; x_wconf 94' lang='lat' dir='ltr'>Sil.</span> <span class='ocrx_word' id='word_1_439' title='bbox 1207 2592 1262 2615; x_wconf 75' lang='grc' dir='ltr'>ΧΠ</span> <span class='ocrx_word' id='word_1_440' title='bbox 1277 2584 1390 2622; x_wconf 88' lang='grc'>355-8,</span> <span class='ocrx_word' id='word_1_441' title='bbox 1407 2583 1525 2616; x_wconf 86' lang='lat' dir='ltr'>Claud.</span> <span class='ocrx_word' id='word_1_442' title='bbox 1544 2584 1622 2617; x_wconf 83' lang='lat' dir='ltr'>ben.</span> 
     </span>
     <span class='ocr_line' id='line_1_43' title="bbox 84 2633 1625 2675; baseline 0.001 -9"><span class='ocrx_word' id='word_1_443' title='bbox 84 2634 179 2667; x_wconf 86' lang='lat' dir='ltr'>Gild.</span> <span class='ocrx_word' id='word_1_444' title='bbox 198 2634 262 2666; x_wconf 88' lang='lat'>507</span> <span class='ocrx_word' id='word_1_445' title='bbox 353 2634 417 2665; x_wconf 81' lang='lat'>632</span> <span class='ocrx_word' id='word_1_446' title='bbox 430 2633 545 2666; x_wconf 81' lang='lat' dir='ltr'>Sicilia</span> <span class='ocrx_word' id='word_1_447' title='bbox 556 2634 641 2665; x_wconf 89' lang='lat' dir='ltr'>nihil</span> <span class='ocrx_word' id='word_1_448' title='bbox 655 2634 803 2675; x_wconf 90' lang='lat' dir='ltr'>amplius</span> <span class='ocrx_word' id='word_1_449' title='bbox 818 2644 924 2675; x_wconf 91' lang='lat' dir='ltr'>quam</span> <span class='ocrx_word' id='word_1_450' title='bbox 938 2634 1072 2666; x_wconf 88' lang='lat' dir='ltr'>abscisa</span> <span class='ocrx_word' id='word_1_451' title='bbox 1084 2637 1138 2666; x_wconf 87' lang='lat' dir='ltr'>est</span> <span class='ocrx_word' id='word_1_452' title='bbox 1152 2644 1173 2666; x_wconf 89' lang='lat' dir='ltr'>a</span> <span class='ocrx_word' id='word_1_453' title='bbox 1187 2635 1380 2666; x_wconf 88' lang='lat' dir='ltr'>continenti</span> <span class='ocrx_word' id='word_1_454' title='bbox 1398 2638 1500 2673; x_wconf 86' lang='lat' dir='ltr'>terra,</span> <span class='ocrx_word' id='word_1_455' title='bbox 1512 2636 1573 2667; x_wconf 89' lang='lat' dir='ltr'>uix</span> <span class='ocrx_word' id='word_1_456' title='bbox 1583 2639 1625 2668; x_wconf 91' lang='lat' dir='ltr'>ut</span> 
     </span>
     <span class='ocr_line' id='line_1_44' title="bbox 85 2684 1624 2727; baseline 0.001 -10"><span class='ocrx_word' id='word_1_457' title='bbox 85 2687 126 2717; x_wconf 79' lang='lat' dir='ltr'>in</span> <span class='ocrx_word' id='word_1_458' title='bbox 141 2685 264 2725; x_wconf 78' lang='lat' dir='ltr'>Libyco</span> <span class='ocrx_word' id='word_1_459' title='bbox 276 2684 387 2716; x_wconf 86' lang='lat' dir='ltr'>alioue</span> <span class='ocrx_word' id='word_1_460' title='bbox 399 2685 485 2716; x_wconf 90' lang='lat' dir='ltr'>mari</span> <span class='ocrx_word' id='word_1_461' title='bbox 501 2685 617 2726; x_wconf 81' lang='lat' dir='ltr'>posita</span> <span class='ocrx_word' id='word_1_462' title='bbox 631 2695 704 2716; x_wconf 87' lang='lat' dir='ltr'>esse</span> <span class='ocrx_word' id='word_1_463' title='bbox 718 2685 888 2717; x_wconf 88' lang='lat' dir='ltr'>uideatur.</span> <span class='ocrx_word' id='word_1_464' title='bbox 940 2686 1005 2718; x_wconf 89' lang='lat'>789</span> <span class='ocrx_word' id='word_1_465' title='bbox 1019 2695 1069 2727; x_wconf 90' lang='lat' dir='ltr'>sq.</span> <span class='ocrx_word' id='word_1_466' title='bbox 1079 2686 1237 2727; x_wconf 71' lang='lat' dir='ltr'>proxima</span> <span class='ocrx_word' id='word_1_467' title='bbox 1247 2686 1489 2727; x_wconf 84' lang='lat' dir='ltr'>(Trinacriam)</span> <span class='ocrx_word' id='word_1_468' title='bbox 1502 2686 1522 2718; x_wconf 95' lang='grc' dir='ltr'><em>Ι</em></span> <span class='ocrx_word' id='word_1_469' title='bbox 1524 2687 1624 2720; x_wconf 80' lang='lat' dir='ltr'>taliae</span> 
     </span>
     <span class='ocr_line' id='line_1_45' title="bbox 83 2735 1579 2779; baseline 0.001 -10"><span class='ocrx_word' id='word_1_470' title='bbox 83 2737 179 2769; x_wconf 72' lang='lat' dir='ltr'>tenui</span> <span class='ocrx_word' id='word_1_471' title='bbox 201 2736 316 2768; x_wconf 85' lang='lat' dir='ltr'>diuisa</span> <span class='ocrx_word' id='word_1_472' title='bbox 331 2735 498 2777; x_wconf 79' lang='lat' dir='ltr'>profundo</span> <span class='ocrx_word' id='word_1_473' title='bbox 518 2735 523 2779; x_wconf 73' lang='grc'>1</span> <span class='ocrx_word' id='word_1_474' title='bbox 543 2746 601 2767; x_wconf 88' lang='lat' dir='ltr'>ora</span> <span class='ocrx_word' id='word_1_475' title='bbox 692 2738 756 2770; x_wconf 78' lang='lat'>634</span> <span class='ocrx_word' id='word_1_476' title='bbox 778 2740 919 2775; x_wconf 76' lang='lat' dir='ltr'>aeg-aeis</span> <span class='ocrx_word' id='word_1_477' title='bbox 930 2737 960 2774; x_wconf 93' lang='lat'>*‚</span> <span class='ocrx_word' id='word_1_478' title='bbox 978 2741 1014 2770; x_wconf 83' lang='lat' dir='ltr'>et</span> <span class='ocrx_word' id='word_1_479' title='bbox 1036 2740 1198 2776; x_wconf 80' lang='lat' dir='ltr'>genetrix</span> <span class='ocrx_word' id='word_1_480' title='bbox 1215 2739 1275 2778; x_wconf 88' lang='grc' dir='ltr'>(Μ,</span> <span class='ocrx_word' id='word_1_481' title='bbox 1295 2741 1394 2770; x_wconf 84' lang='lat' dir='ltr'>—itrix</span> <span class='ocrx_word' id='word_1_482' title='bbox 1416 2739 1479 2778; x_wconf 81' lang='lat' dir='ltr'>GL)</span> <span class='ocrx_word' id='word_1_483' title='bbox 1499 2738 1579 2771; x_wconf 84' lang='lat' dir='ltr'>libri</span> 
     </span>
     <span class='ocr_line' id='line_1_46' title="bbox 174 2787 1621 2829; baseline 0.001 -9"><span class='ocrx_word' id='word_1_484' title='bbox 174 2792 268 2820; x_wconf 86' lang='lat' dir='ltr'>crete</span> <span class='ocrx_word' id='word_1_485' title='bbox 292 2787 591 2828; x_wconf 86' lang='lat' dir='ltr'>Regiomontanus</span> <span class='ocrx_word' id='word_1_486' title='bbox 614 2790 650 2818; x_wconf 87' lang='lat' dir='ltr'>et</span> <span class='ocrx_word' id='word_1_487' title='bbox 673 2798 715 2818; x_wconf 86' lang='lat' dir='ltr'>ex</span> <span class='ocrx_word' id='word_1_488' title='bbox 739 2798 823 2819; x_wconf 89' lang='lat' dir='ltr'>corr.</span> <span class='ocrx_word' id='word_1_489' title='bbox 849 2787 924 2819; x_wconf 90' lang='lat' dir='ltr'>cod.</span> <span class='ocrx_word' id='word_1_490' title='bbox 950 2798 1042 2829; x_wconf 86' lang='lat' dir='ltr'>corp.</span> <span class='ocrx_word' id='word_1_491' title='bbox 1068 2788 1146 2821; x_wconf 86' lang='lat' dir='ltr'>Chr.</span> <span class='ocrx_word' id='word_1_492' title='bbox 1171 2788 1296 2827; x_wconf 66' lang='lat' dir='ltr'>Oxon„</span> <span class='ocrx_word' id='word_1_493' title='bbox 1319 2794 1417 2822; x_wconf 84' lang='lat' dir='ltr'>creta</span> <span class='ocrx_word' id='word_1_494' title='bbox 1439 2793 1522 2822; x_wconf 64' lang='grc' dir='ltr'>ΘΒΜ</span> <span class='ocrx_word' id='word_1_495' title='bbox 1545 2790 1621 2822; x_wconf 86' lang='lat' dir='ltr'>cod.</span> 
     </span>
     <span class='ocr_line' id='line_1_47' title="bbox 82 2838 1622 2881; baseline 0.002 -11"><span class='ocrx_word' id='word_1_496' title='bbox 82 2839 237 2871; x_wconf 88' lang='lat' dir='ltr'>Venetus</span> <span class='ocrx_word' id='word_1_497' title='bbox 327 2838 465 2871; x_wconf 87' lang='lat' dir='ltr'>Cretam</span> <span class='ocrx_word' id='word_1_498' title='bbox 490 2838 662 2871; x_wconf 87' lang='lat' dir='ltr'>Euboicos</span> <span class='ocrx_word' id='word_1_499' title='bbox 687 2842 823 2871; x_wconf 83' lang='lat' dir='ltr'>montes</span> <span class='ocrx_word' id='word_1_500' title='bbox 848 2840 1032 2872; x_wconf 86' lang='lat' dir='ltr'>mirantem</span> <span class='ocrx_word' id='word_1_501' title='bbox 1057 2839 1206 2872; x_wconf 89' lang='lat' dir='ltr'>editores</span> <span class='ocrx_word' id='word_1_502' title='bbox 1230 2850 1300 2872; x_wconf 91' lang='lat' dir='ltr'>non</span> <span class='ocrx_word' id='word_1_503' title='bbox 1325 2841 1469 2873; x_wconf 85' lang='lat' dir='ltr'>miratos</span> <span class='ocrx_word' id='word_1_504' title='bbox 1493 2842 1622 2881; x_wconf 59' lang='lat' dir='ltr'>miron</span> 
     </span>
     <span class='ocr_line' id='line_1_48' title="bbox 844 2903 864 2925; baseline 0 0"><span class='ocrx_word' id='word_1_505' title='bbox 844 2903 864 2925; x_wconf 79' lang='lat' dir='ltr'>F</span> 
     </span>
    </p>
   </div>
  </div>
 </body>
</html>
