1872 3183
188 155 213 192 6
775 150 836 192 M.
871 150 1005 192 MAN
1008 150 1123 192 ILII

347 266 562 316 speratum
581 260 868 302 Hannibalem
887 261 1041 302 nostris
1061 260 1257 302 cecidisse
1276 260 1437 302 catenis

346 335 601 390 exiliumque
621 335 679 377 rei
698 335 859 376 furtiua
879 340 1017 376 morte
1035 335 1160 376 luisse
1180 337 1195 377 ’ζ

346 410 454 452 adde
474 410 603 452 etiam
624 409 768 451 Latias
788 409 897 451 acies
916 409 1184 464 Romamque
1204 409 1380 451 suismet

344 489 606 540 pugnantem
626 484 839 533 membris,
860 483 979 526 adice
999 489 1043 525 et
1061 484 1201 526 ciuilia
1220 484 1329 525 bella

245 566 288 597 45
345 564 388 600 et
407 559 623 601 Cimbrum
642 558 686 600 in
706 559 838 600 Mario
858 558 1124 614 Mariumque
1142 559 1186 600 in
1205 573 1368 600 carcere
1388 558 1564 600 uictum.

182 706 316 738 dictum
338 707 420 739 Luc.
445 716 489 739 111
511 708 575 739 340
595 710 670 748 post
692 707 873 739 translatas
896 710 1027 739 exustae
1049 707 1213 739 Phocidos
1235 717 1325 739 arces
1414 706 1455 737 41
1479 705 1729 743 Hannibalem,

181 768 286 799 quem
301 759 428 790 nostris
443 759 576 790 catenis
592 759 641 799 (in
656 762 813 790 nostram
829 760 1057 800 potestatem)
1073 758 1235 790 cecidisse
1251 768 1524 800 speraueramus.
1573 757 1638 789 1100
1653 757 1728 788 solo

182 810 286 842 modo
312 810 420 842 uerba
445 811 597 841 enarrari
625 821 725 852 posse
751 811 923 842 intellexit
951 810 1123 852 Scaliger:
1164 814 1286 842 contra
1312 810 1461 842 Iacobus
1487 819 1567 841 cum
1592 808 1725 841 Huetio

182 863 189 875 ⁴
207 862 368 894 cecidisse
385 862 632 900 Hannibalem,
650 873 754 904 quem
770 863 898 894 nostris
914 863 1047 894 catenis
1064 873 1327 904 speraueramus
1341 862 1349 875 ⁷
1367 874 1375 894 ε
1405 872 1496 903 ergo,
1514 861 1543 893 si
1558 861 1730 893 Romanis

181 916 333 948 traditus
356 920 459 954 esset,
479 927 549 948 non
574 916 784 949 cecidisset?
823 920 993 957 speratam
1017 917 1184 955 cecidisse,
1209 920 1250 949 ut
1275 917 1349 948 Liu.
1375 925 1465 948 XXIX
1491 916 1533 948 32
1558 916 1579 947 9
1600 915 1730 956 perisse

179 968 334 1006 creditus,
351 968 475 1000 Latine
491 968 558 999 dici
574 968 701 1010 probat
716 968 797 1000 Tac.
814 968 895 1000 hist.
913 977 942 1000 11
957 969 1000 1000 74
1016 968 1158 1008 leqiones
1173 971 1343 1000 secuturae
1358 967 1588 1008 sperabantur,
1605 976 1731 1008 quam-

180 1029 287 1060 quam
308 1019 517 1051 Manilianae
537 1020 781 1052 consuetudini
802 1030 872 1051 non
893 1019 1034 1052 uidetur
1053 1020 1249 1057 conuenire,
1271 1019 1331 1051 sed
1351 1020 1469 1061 potius
1489 1029 1585 1060 seque
1605 1021 1728 1049 ratum.

181 1070 288 1103 uerba
304 1071 448 1103 Iunonis
465 1071 510 1102 ad
526 1071 648 1103 Iouem
665 1071 707 1102 de
725 1071 924 1103 Hannibale
942 1071 998 1104 Sil.
1016 1080 1095 1103 XVII
1112 1073 1176 1104 367
1193 1081 1276 1103 neue
1291 1071 1387 1102 sinas
1402 1073 1537 1111 captum
1553 1069 1730 1101 Ausonias

177 1121 322 1163 perferre
346 1125 479 1154 catenas
506 1122 627 1154 attufit
657 1122 835 1154 Bentleius
926 1122 970 1153 42
994 1125 1046 1154 rei
1071 1126 1096 1153 G
1121 1122 1195 1153 cod.
1223 1122 1388 1159 Venetus,
1414 1120 1508 1163 quod
1533 1120 1728 1152 sententiae

179 1173 265 1205 nihil
286 1173 431 1212 confert,
449 1176 526 1212 regi
547 1177 581 1212 L,
606 1176 685 1212 rogi
705 1177 750 1205 M.
798 1174 866 1214 reqi
887 1184 950 1215 pro
972 1174 1020 1205 rei
1042 1174 1077 1205 in
1099 1174 1275 1205 codicibus
1297 1174 1465 1214 scriptum
1486 1172 1628 1204 memini
1649 1171 1725 1203 Liu.

176 1233 257 1256 xxn
277 1226 320 1257 25
340 1226 370 1262 6,
391 1225 476 1265 reqis
495 1235 558 1266 pro
577 1225 644 1256 reis
663 1225 747 1256 Hor.
770 1235 875 1256 carm.
899 1234 927 1256 11
949 1226 964 1257 1
990 1227 1040 1263 13,
1061 1225 1145 1257 Gell.
1168 1234 1206 1256 vr
1228 1226 1247 1257 3
1270 1226 1334 1262 13;
1367 1228 1489 1256 contra
1508 1224 1556 1255 rei
1575 1234 1638 1265 pro
1657 1223 1727 1263 re9i

181 1276 294 1308 Plaut.
320 1277 390 1308 mil.
416 1278 469 1314 77,
494 1277 560 1309 Cic.
586 1287 649 1318 pro
671 1276 786 1308 Deiot.
813 1277 833 1308 6
923 1287 984 1317 que
1007 1277 1200 1308 orationem
1223 1276 1409 1308 dissoluere
1431 1286 1475 1307 ex
1497 1276 1545 1307 eis
1568 1285 1658 1316 quae
1681 1274 1727 1306 ad

179 1328 390 1369 superiorem
411 1338 549 1360 uersum
571 1328 753 1370 disputaui
774 1331 875 1369 patet
895 1338 958 1359 nec
979 1329 1158 1369 praeteriit
1179 1328 1400 1369 Scaligerum,
1425 1327 1433 1340 ‘
1446 1327 1512 1358 hoc
1533 1326 1727 1358 sententiae

181 1383 281 1411 tenor
296 1389 367 1410 non
384 1380 530 1421 patitur,
548 1380 631 1420 quia
647 1380 796 1421 priorem
813 1389 953 1411 uersum
971 1379 1137 1421 disiungit
1154 1390 1174 1411 a
1190 1380 1390 1420 posteriore,
1408 1388 1488 1410 cum
1503 1379 1597 1419 prior
1612 1387 1674 1419 per
1689 1387 1726 1409 se

178 1434 338 1462 constare
355 1441 425 1462 non
439 1431 549 1471 possit
560 1431 586 1463 ²:
613 1431 698 1462 illud
711 1441 774 1462 nec
793 1431 943 1472 Scaliger
956 1441 1018 1462 nec
1033 1432 1136 1462 ceteri
1150 1430 1299 1462 editores
1312 1430 1568 1467 intellexerunt,
1583 1429 1726 1460 exilium

180 1486 292 1514 morte
309 1492 380 1514 non
397 1482 457 1520 lui,
477 1482 685 1524 supplicium
703 1482 882 1524 supplicio.
933 1483 1051 1523 potuit
1071 1482 1249 1513 Hannibal
1267 1482 1438 1513 uiolatum
1455 1481 1589 1518 foedus,
1608 1483 1726 1512 uasta-

179 1535 310 1565 tionem
330 1533 466 1572 Italiae,
489 1537 545 1566 tot
564 1534 679 1566 clades
697 1534 875 1565 Romanas
896 1534 950 1565 uel
979 1534 1081 1565 exilio
1099 1534 1200 1565 luisse
1225 1533 1292 1565 dici
1313 1533 1368 1564 uel
1388 1536 1511 1570 morte,
1532 1531 1726 1564 cuiusmodi

177 1588 233 1618 est
251 1585 337 1616 illud
357 1585 533 1617 quenalis
552 1594 576 1616 x
599 1586 661 1616 165
681 1596 732 1626 sq.
756 1585 952 1617 Cannarum
966 1585 1090 1617 uiridem
1111 1589 1139 1616 et
1159 1585 1244 1616 tanti
1258 1584 1437 1624 sanyuinis
1457 1584 1544 1615 ultor
1565 1582 1569 1627 Ι
1588 1583 1725 1615 anulus.

180 1638 238 1669 uix
252 1637 336 1668 satis
348 1636 510 1678 ponderis
522 1636 629 1668 habet
641 1636 735 1678 quod
748 1637 913 1667 Barthius
925 1637 1004 1668 adu.
1019 1647 1051 1678 p.
1067 1638 1129 1668 927
1142 1636 1251 1667 conici
1263 1646 1363 1677 posse
1375 1636 1426 1667 ait
1438 1635 1608 1667 auxilium
1618 1635 1705 1675 re9is
1717 1647 1727 1672 ;

179 1698 292 1729 neque
315 1691 457 1730 poetam
482 1688 655 1729 scripsisse
680 1688 816 1719 confido
849 1688 943 1729 quod
968 1688 1053 1719 mihi
1075 1689 1111 1719 in
1136 1691 1288 1719 mentem
1313 1688 1411 1719 uenit
1435 1686 1574 1718 exitium
1594 1686 1728 1728 patriae

182 1732 284 1780 (We)
303 1739 439 1771 collatis
460 1739 516 1772 Sil.
539 1748 567 1771 11
587 1741 663 1777 311,
682 1739 741 1771 ubi
762 1739 915 1770 Hannon
936 1739 1171 1771 Hannibalem
1195 1740 1405 1780 increpitans
1424 1738 1584 1779 patriae
1605 1738 1728 1770 exitio

180 1791 296 1831 inquit
313 1791 373 1822 tibi
391 1791 531 1822 nomina
547 1790 690 1832 quaeris,
710 1794 746 1822 et
764 1790 838 1823 Val.
859 1791 950 1822 Max.
971 1800 1010 1822 ix
1029 1792 1048 1823 3
1067 1793 1136 1822 ext.
1158 1791 1178 1821 2
1196 1790 1405 1821 Hamilcaris
1422 1790 1538 1821 odium
1555 1813 1562 1821 .
1582 1813 1589 1820 .
1609 1813 1616 1820 .
1629 1789 1726 1830 filios

180 1866 187 1873 .
208 1867 215 1873 .
236 1867 243 1873 .
262 1842 300 1874 in
316 1842 501 1882 perniciem
519 1841 656 1883 imperii
675 1842 780 1873 nostri
797 1842 882 1873 alere
907 1853 940 1873 se
954 1842 1177 1882 praedicabat.
1229 1842 1332 1881 diyna
1352 1841 1566 1878 nutrimenta,
1586 1850 1670 1881 quae
1689 1841 1728 1872 in

181 1894 349 1926 exitium
363 1894 526 1934 patriae
542 1904 633 1931 suae,
652 1896 688 1925 ut
705 1894 824 1931 euenit,
843 1897 1116 1925 conuerterentur.
1165 1896 1318 1924 ceterum
1343 1892 1422 1924 uide
1447 1892 1503 1924 Sil.
1521 1901 1591 1923 xm
1617 1892 1726 1924 89Ο-2

181 1944 405 1986 perstantibus
434 1945 513 1976 inde
533 1943 538 1988 1
559 1945 728 1977 Aeneadis
758 1945 913 1985 reddique
943 1944 1008 1976 sibi
1036 1944 1248 1985 poscentibus
1279 1944 1401 1975 hostem
1422 1942 1567 1986 {pocula
1591 1942 1726 1984 furtiuo

184 1997 293 2037 rapiet
307 2000 486 2037 properata
497 2007 623 2028 ueneno
712 1996 754 2026 43
772 1999 880 2028 latias
891 1996 921 2033 *,
933 1998 1040 2027 italas
1062 1999 1144 2027 GLM
1158 1996 1233 2027 cod.
1250 1996 1413 2032 Venetus,
1427 1998 1568 2026 italicas
1588 1994 1627 2026 L²

228 2051 322 2079 acies
342 2051 388 2086 Μ,
409 2058 475 2079 om.
498 2051 521 2079 1.
538 2047 612 2079 cod.
635 2047 800 2085 Venetus,
821 2051 916 2079 uires
930 2047 968 2078 L²
982 2050 1018 2079 et
1035 2051 1115 2079 ante
1130 2047 1230 2079 italas
1247 2050 1283 2084 G,
1298 2046 1392 2088 quod
1409 2056 1536 2077 nomen
1548 2049 1584 2078 et
1597 2045 1728 2087 duplex

182 2099 219 2130 in
241 2098 337 2130 libris
361 2098 458 2130 sedes
480 2101 681 2140 suspectum
703 2099 790 2130 facit
811 2109 874 2130 nec
897 2099 1019 2140 recipit
1041 2099 1227 2136 sententia,
1251 2108 1330 2129 cum
1354 2098 1443 2129 uires
1466 2097 1588 2135 Italae,
1612 2099 1654 2129 ut
1675 2097 1727 2128 ait

186 2150 376 2187 Bentleius,
396 2160 504 2191 aeque
522 2150 558 2180 in
576 2152 720 2181 externo
739 2152 845 2191 atque
864 2150 899 2181 in
918 2149 1108 2181 domestico
1127 2149 1216 2181 bello
1235 2148 1476 2186 ostendantur,
1495 2148 1585 2180 desit
1603 2151 1723 2180 autem

180 2201 262 2233 huic
286 2201 457 2233 locutioni
481 2201 577 2242 quod
607 2201 708 2233 adest
728 2202 765 2232 in
789 2210 802 2232 1
824 2202 889 2233 912
912 2201 1157 2242 imperiumque
1181 2201 1256 2232 suis
1277 2200 1430 2241 conflixit
1453 2199 1587 2232 uiribus
1611 2199 1729 2240 ipsum

272 2253 366 2293 quod
386 2253 516 2284 bellum
535 2253 592 2284 alii
611 2253 746 2290 sociale,
762 2253 819 2284 alii
838 2253 1034 2291 Marsicum,
1050 2253 1199 2284 Velleius
1218 2263 1299 2284 uero
1319 2261 1347 2283 11
1368 2253 1408 2283 15
1430 2252 1458 2289 l,
1481 2253 1521 2283 16
1540 2253 1571 2289 4,
1594 2252 1632 2283 17
1654 2252 1684 2288 l,
1704 2251 1725 2283 3

184 2303 348 2335 Italicum
387 2304 588 2345 appellauit,
615 2303 651 2335 id
688 2303 849 2335 Manilius
876 2304 1016 2335 Latium
1053 2304 1225 2345 appellare
1261 2303 1389 2344 potuit,
1428 2300 1727 2343 quemadmodum

183 2354 344 2386 Lucanus
361 2354 503 2386 Latium
519 2366 582 2397 pro
599 2355 705 2387 Italia
722 2356 839 2396 posuit
856 2364 883 2386 11
903 2356 965 2387 196
976 2356 1043 2396 flos
1058 2355 1253 2396 Hesperiae,
1272 2354 1365 2385 Latii
1390 2354 1460 2385 iam
1477 2353 1549 2384 sola
1564 2352 1725 2384 inuentus

183 2406 372 2446 (Samnites
392 2406 506 2438 Sullae
525 2407 620 2438 iussu
640 2406 831 2446 trucidati),
853 2407 962 2438 430-2
983 2406 1241 2446 (Appenninus)
1268 2404 1399 2437 Vmbris
1420 2403 1613 2445 Marsisque
1626 2403 1726 2445 seraa.¹

183 2457 390 2498 domitusque
412 2457 543 2489 Sabello
563 2455 569 2500 1
588 2467 727 2494 uomere,
751 2457 912 2498 piniferis
935 2457 1109 2497 amplexus
1126 2456 1267 2497 rupibus
1285 2456 1394 2487 omnis
1410 2453 1415 2498 Ι
1432 2455 1609 2496 indiyenas
1631 2454 1727 2486 Latii

182 2508 337 2549 populos,
368 2509 431 2540 447
464 2518 513 2550 sq.
546 2507 641 2540 urbes
670 2508 763 2539 Latii
793 2508 913 2540 dubiae
942 2509 1102 2549 uarioque
1125 2508 1246 2549 fauore
1266 2505 1271 2550 1
1291 2507 1465 2548 ancipites.
1514 2506 1599 2548 quid
1629 2505 1724 2548 quod

185 2559 307 2591 Florus
322 2568 351 2590 11
367 2560 387 2591 6
403 2560 422 2591 5
440 2562 579 2600 praeter
594 2559 763 2600 reliquam
779 2559 920 2590 Italiam
937 2559 1025 2594 bello
1042 2559 1158 2590 sociali
1174 2569 1269 2590 omne
1284 2558 1384 2589 Latia
1391 2569 1421 2589 m
1436 2560 1559 2589 contra
1574 2560 1723 2589 matrem

183 2619 283 2641 suam
303 2620 343 2641 ac
361 2613 542 2651 parentem
562 2610 683 2642 urbem
702 2611 954 2641 consurrexisse
974 2609 1083 2641 tradit
1100 2612 1114 2641 ¹?
1160 2612 1252 2640 certe
1272 2609 1430 2640 Picentes
1448 2608 1583 2649 ipsique
1602 2607 1718 2645 Marsi,

185 2661 326 2692 tametsi
346 2661 462 2692 Latini
482 2671 552 2692 non
571 2660 725 2699 fuerunt,
747 2661 874 2693 Latina
893 2661 1011 2701 lingua
1030 2660 1231 2692 utebantur.
1279 2660 1401 2691 itidem
1421 2662 1590 2701 quattuor
1610 2662 1723 2690 trans-

183 2712 306 2753 positis
336 2712 462 2744 litteris
488 2712 596 2744 Italas
628 2723 690 2753 pro
714 2713 832 2744 Latias
855 2722 934 2744 cum
967 2713 1069 2743 metri
1101 2712 1201 2743 ruina
1233 2712 1401 2753 scriptum
1425 2714 1479 2742 est
1511 2721 1543 2742 u.
1571 2711 1632 2741 661

231 2763 274 2792 44
291 2766 390 2795 adice
403 2767 439 2795 et
451 2767 474 2795 L
486 2764 551 2795 nisi
562 2763 662 2795 fallor
672 2767 708 2795 et
718 2763 792 2795 cod.
809 2764 975 2801 Cusanus,
988 2766 1085 2795 adice
1099 2766 1169 2801 GM,
1183 2767 1219 2794 et
1231 2765 1329 2794 adice
1340 2763 1387 2794 L2.
1439 2762 1532 2794 adice
1543 2770 1557 2793 1
1568 2762 1633 2793 666

228 2813 270 2844 45
296 2813 423 2846 Cimbri
447 2815 558 2846 multo
583 2818 665 2846 ante
690 2815 817 2846 bellum
840 2815 939 2846 ciuile
961 2815 1044 2846 uicti
1068 2817 1161 2852 sunt,
1186 2824 1297 2855 neque
1324 2815 1359 2845 in
1380 2813 1489 2845 Mario
1512 2813 1597 2844 uicti
1619 2812 1680 2844 sed
1704 2822 1725 2843 a

185 2865 318 2898 Mario:
351 2866 387 2897 in
412 2866 527 2907 aliquo
545 2866 637 2897 uinci
661 2866 745 2907 quid
771 2867 816 2898 sit
839 2866 961 2898 docere
987 2869 1104 2908 potest
1129 2875 1151 2897 v
1176 2867 1237 2898 571
1266 2876 1315 2907 sq.
1343 2865 1508 2905 uictorque
1532 2863 1696 2896 Medusae
1717 2862 1722 2906 Ι
