1872 3183
142 140 197 179 58
733 136 795 178 M.
829 136 1082 179 MANILII

357 253 400 290 et
420 247 570 304 quinta
589 247 633 289 in
652 247 789 290 Chelis
809 252 853 289 et
871 247 1054 303 septima
1072 247 1233 290 inutilis
1253 251 1387 298 aestu,

302 322 430 364 tertia
450 327 493 364 et
513 322 761 364 undecimae
781 322 1068 377 decumaeque
1087 326 1151 364 est
1170 321 1352 378 septima
1371 321 1518 364 iuncta

177 404 246 436 475
303 402 540 453 quartaque
560 397 625 439 bis
644 396 763 438 denis
782 396 889 438 actis
909 401 953 438 et
972 396 1154 452 septima
1173 401 1217 438 et
1236 396 1387 438 ambae

304 485 412 527 quae
432 485 655 513 numerum
674 471 881 513 claudunt
899 485 1012 512 nona
1032 476 1075 512 et
1093 470 1306 513 tricesima
1324 475 1480 526 partes.

357 546 553 602 Scorpius
572 546 619 587 in
639 545 776 601 prima
795 560 889 588 reus
909 550 986 596 est,
1007 545 1075 587 cui
1093 545 1221 587 tertia
1239 559 1316 601 par
1336 550 1401 587 est

303 625 347 662 et
367 625 488 662 sexta
508 626 552 662 et
571 620 749 663 decuma
770 625 813 662 et
833 635 942 676 quae
960 624 1025 662 ter
1045 620 1119 662 tibi
1138 620 1289 675 quinta
1306 624 1498 670 notatur,

301 695 569 737 undecimam
588 695 807 751 geminans
827 700 871 737 et
890 709 998 750 quae
1017 694 1218 737 uicesima
1238 694 1389 750 quinta
1409 699 1474 736 est

176 777 244 810 480
301 774 539 825 octauoque
559 775 705 812 manet
724 784 900 812 numero
920 784 1164 824 nonumque
1183 769 1378 825 capessit.

355 845 389 886 si
409 849 452 886 te
472 844 563 886 fata
583 845 740 895 sinant,
762 849 961 900 quartam
980 858 1032 886 ne
1052 844 1176 899 selige
1195 849 1362 899 partem

301 919 501 962 Centauri
520 933 530 970 ;
565 919 663 975 fuge
684 924 727 962 et
747 925 945 962 octauam
965 933 973 969 ;
1010 934 1083 960 sex
1103 919 1221 961 bisue
1239 918 1422 974 peractis

223 1074 376 1106 473-476
399 1073 523 1105 Librae
546 1076 664 1115 partes
687 1081 710 1104 v
733 1081 786 1104 v11
808 1081 872 1104 x1v
894 1081 973 1104 XVII
1000 1080 1090 1104 XXIV
1112 1081 1216 1103 XXVII
1237 1080 1327 1103 xxix
1348 1080 1424 1103 xxx
1513 1071 1577 1104 473
1600 1073 1682 1113 post

134 1126 199 1157 474
227 1126 400 1157 collocant
432 1125 523 1163 libri,
558 1135 680 1156 uerum
716 1125 872 1156 ordinem
906 1125 1062 1156 restituit
1095 1124 1395 1165 Regiomontanus
1485 1123 1549 1156 473
1578 1127 1615 1155 et
1643 1122 1680 1153 in

135 1178 305 1219 principio
327 1181 422 1215 GLM,
445 1182 484 1209 at
504 1176 579 1208 cod.
595 1176 761 1214 Venetus,
784 1177 875 1208 sicut
901 1177 1008 1207 etiam
1030 1186 1151 1207 uersus
1172 1176 1238 1207 472
1262 1176 1374 1213 initio,
1397 1185 1486 1216 quae
1507 1173 1682 1217 particula

134 1229 170 1260 in
194 1232 270 1261 toto
293 1229 358 1260 hoc
380 1229 468 1267 loco,
492 1239 549 1260 uu.
569 1229 736 1266 444—497,
754 1238 929 1268 nusquam
949 1230 1130 1269 praeterea
1146 1230 1326 1268 comparet
1342 1236 1455 1267 neque
1478 1236 1499 1258 a
1522 1225 1682 1258 Bentleio

134 1280 264 1312 Iacobo
293 1280 368 1312 aliis
395 1280 460 1311 hoc
488 1290 591 1311 uersu
619 1280 725 1321 recipi
747 1279 879 1311 debuit.
929 1282 957 1310 et
973 1303 981 1310 .
1001 1303 1008 1310 .
1028 1303 1035 1310 .
1055 1282 1083 1310 et
1109 1279 1201 1310 inter
1228 1288 1263 1309 se
1290 1277 1488 1309 referuntur
1578 1281 1682 1309 aestu

135 1335 207 1369 GM,
233 1336 312 1364 estu
335 1335 369 1369 L,
393 1332 512 1372 inepte
536 1330 718 1362 Dulcinius
748 1333 822 1362 esta
871 1330 931 1361 sed
961 1333 1078 1362 aestus
1105 1330 1177 1361 siue
1203 1330 1291 1371 ignis
1316 1330 1408 1370 (412,
1432 1329 1512 1369 498)
1536 1329 1683 1367 mentio,

132 1383 337 1425 praesertim
361 1385 440 1414 octo
464 1383 567 1414 unius
591 1383 679 1424 signi
702 1385 819 1423 partes
844 1382 1015 1419 uitiantis,
1040 1384 1226 1423 propterea
1248 1381 1431 1423 inopinata
1454 1383 1490 1412 et
1514 1379 1682 1412 mirabilis

133 1437 187 1466 est
211 1435 295 1476 quia
317 1435 354 1466 in
378 1434 500 1466 ceteris
525 1434 630 1475 signis
654 1444 843 1475 eorumque
868 1433 1028 1475 partibus
1052 1433 1148 1465 nulla
1171 1443 1214 1464 ex
1239 1435 1409 1474 quattuor
1431 1442 1544 1463 noxae
1568 1432 1683 1464 causis

132 1488 436 1518 commemoratur.
484 1495 548 1517 nec
573 1487 693 1517 tamen
717 1484 941 1526 praetulerim
967 1487 1006 1522 et,
1032 1483 1185 1524 septima,
1212 1483 1348 1516 inutilis
1373 1493 1409 1514 es
1436 1486 1476 1514 tu

177 1538 242 1570 474
279 1540 389 1570 tertia
404 1560 413 1569 .
432 1561 439 1568 .
459 1561 467 1568 .
487 1540 639 1575 septima
664 1536 854 1574 Bentleius,
888 1539 1039 1574 septima
1055 1560 1063 1567 .
1083 1560 1090 1567 .
1110 1560 1117 1566 .
1137 1538 1247 1568 tertia
1284 1539 1345 1572 GL,
1379 1539 1415 1567 et
1447 1537 1600 1573 septima
1616 1558 1624 1566 .
1643 1558 1651 1566 .
1674 1558 1682 1565 .

133 1592 246 1621 tercia
265 1592 311 1626 M,
328 1589 460 1620 minore
481 1598 625 1619 numero
645 1590 727 1629 post
746 1588 913 1619 maiorem
933 1588 1072 1624 reiecto,
1094 1586 1188 1628 quod
1208 1587 1245 1618 in
1265 1585 1318 1618 his
1343 1595 1404 1618 LIV
1424 1585 1581 1618 uersibus
1600 1595 1682 1617 nus-

133 1651 240 1682 quam
268 1640 319 1672 fit.
367 1642 534 1677 ceterum,
563 1643 604 1671 ut
631 1639 687 1671 hic
715 1639 868 1678 septima,
897 1639 946 1670 sic
973 1647 1017 1670 111
1044 1639 1154 1670 457-9
1182 1637 1294 1670 tribus
1321 1638 1497 1669 continuis
1524 1637 1683 1669 uersibus

134 1692 239 1724 horae
254 1701 382 1724 nomen
397 1692 552 1733 ponitur,
564 1693 601 1723 et
616 1690 757 1732 quidem
773 1691 809 1722 in
824 1691 900 1732 ipso
915 1691 1012 1722 exitu
1103 1692 1307 1722 undecimae
1321 1689 1482 1730 Scaliger,
1496 1691 1682 1721 undecima

133 1748 189 1776 est
212 1747 281 1781 LM,
306 1745 492 1775 undecima
516 1746 542 1774 G
631 1747 687 1774 est
700 1741 731 1779 *,
757 1746 793 1774 et
816 1741 904 1773 libri.
953 1742 1152 1773 coniunctio
1173 1743 1254 1783 post
1277 1750 1338 1782 que
1363 1740 1523 1772 abundat
1547 1741 1682 1782 (itaque

133 1795 284 1836 Scaliger
308 1794 361 1826 ed.
387 1795 401 1826 l
425 1794 570 1826 decimae
590 1797 623 1825 et
647 1803 741 1835 quae
761 1793 858 1825 tertia
877 1793 994 1824 iuncta
1018 1794 1089 1832 est),
1110 1796 1151 1825 ut
1171 1794 1289 1835 potius
1308 1792 1374 1824 1100
1394 1792 1470 1825 1000
1490 1802 1598 1834 quam
1618 1795 1682 1824 aut

134 1846 249 1878 medio
272 1849 335 1878 aut
356 1849 514 1877 extremo
537 1855 640 1877 uersu
662 1845 809 1877 uerbum
831 1844 1033 1886 ponendum
1056 1846 1112 1882 sit,
1136 1843 1231 1886 quod
1253 1845 1289 1876 in
1310 1843 1407 1876 nullo
1426 1853 1482 1876 XII
1504 1844 1681 1886 signorum

134 1899 300 1930 omissum
326 1900 389 1929 est..
438 1907 551 1938 neque
576 1896 712 1938 longius
741 1896 878 1928 inutilis
894 1920 902 1928 .
921 1920 928 1927 .
948 1920 956 1927 .
976 1899 1021 1928 est
1049 1906 1156 1937 quam
1185 1906 1243 1927 uu.
1274 1896 1341 1927 469
1369 1905 1420 1937 sq.
1451 1898 1517 1927 est.
1537 1920 1545 1927 .
1564 1895 1684 1928 ‚utilis

134 1950 310 1982 disiuncta
326 1952 409 1981 sunt
498 1953 622 1981 iuncta
638 1953 674 1986 G,
688 1952 810 1981 iuncta
826 1952 881 1980 est
896 1952 954 1980 LM
1043 1948 1106 1979 475
1123 1951 1242 1988 quarta
1257 1947 1308 1979 bis
1324 1947 1420 1979 denis
1435 1947 1530 1985 actis,
1546 1948 1612 1980 460
1628 1957 1680 1989 sq.

133 2002 272 2034 decuma
289 2004 425 2041 peracta
442 2000 568 2040 prima,
590 2009 613 2031 v
634 2001 700 2032 504
720 2010 771 2041 sq.
794 1999 845 2032 bis
865 2000 961 2032 denis
979 1999 1134 2039 partibus
1154 1999 1237 2031 actis
1258 1997 1263 2042 Ι
1282 1998 1435 2040 aequorei
1455 1999 1593 2031 iuuenis

177 2057 302 2085 ambae
316 2052 391 2089 GL2,
406 2056 549 2084 ambrae
562 2055 621 2084 Lm
711 2052 775 2083 476
789 2061 881 2084 nona
899 2055 935 2084 et
952 2055 988 2088 G,
1002 2060 1073 2083 non
1086 2055 1122 2084 et
1136 2050 1220 2088 HM,
1234 2060 1304 2083 non
1321 2060 1364 2083 ex
1380 2054 1404 2082 1.
1419 2050 1495 2082 cod.
1514 2050 1680 2082 Venetus.

133 2114 224 2136 nona
247 2104 299 2137 bis
322 2104 419 2136 denis
442 2104 530 2135 actis
620 2103 774 2135 477-480
795 2103 927 2145 Scorpii
953 2106 1071 2144 partes
1093 2112 1105 2134 1
1128 2111 1171 2134 111
1193 2111 1231 2134 vl
1251 2111 1275 2134 x
1296 2111 1347 2134 xv
1366 2111 1447 2134 XXII
1466 2111 1542 2134 xxv
1561 2110 1684 2134 xxv111

130 2165 220 2188 XXIX
310 2156 373 2187 477
402 2165 469 2194 par
496 2154 657 2196 Scaliger,
685 2164 769 2194 pars
793 2154 871 2186 libri
961 2155 1025 2186 478
1051 2164 1141 2193 quae
1166 2158 1222 2186 ter
1246 2158 1283 2191 G,
1312 2158 1440 2192 quater
1466 2157 1525 2186 ΒΜ
1614 2157 1682 2186 tibi

134 2209 271 2242 addidit
296 2209 499 2247 BechertuS,
525 2219 650 2250 quoque
679 2209 838 2251 Scaliger.
882 2210 904 2240 ti
937 2219 1044 2250 quam
1072 2208 1172 2240 facile
1200 2211 1281 2250 post
1301 2200 1321 2238 ἶ
1341 2208 1498 2240 excidere
1526 2209 1683 2250 potuerit

133 2288 289 2320 ostendit
321 2288 386 2319 hoc
420 2298 482 2329 pro
516 2287 574 2319 illo
609 2288 779 2329 scriptum
813 2296 835 2319 v
869 2288 931 2319 251
1038 2290 1165 2326 quinta
1200 2290 1272 2323 GM,
1301 2274 1323 2324 ε
1351 2290 1386 2323 Ῑ..,
1419 2289 1460 2318 ut
1492 2287 1568 2324 473,
1602 2287 1680 2324 479,

133 2341 209 2379 489,
230 2340 336 2380 quina
355 2338 505 2381 Scaliger
523 2343 624 2381 grato
644 2340 680 2371 in
697 2339 822 2381 uulgus
840 2339 1052 2376 soloecismo,
1072 2348 1175 2379 quem
1196 2337 1386 2370 Beohertus
1412 2337 1553 2369 demum
1578 2338 1681 2370 eiecit

222 2391 315 2423 hunc
337 2401 476 2422 uersum
498 2391 526 2422 si
547 2394 666 2423 nosset
686 2390 888 2422 Theodorus
911 2390 1053 2428 Birtius,
1075 2391 1111 2421 in
1133 2389 1324 2431 hospitium
1346 2399 1448 2421 suum
1469 2389 1683 2421 calamitatis

134 2443 161 2474 Ι.
181 2442 296 2475 Μ11011.
316 2442 468 2474 manual.
488 2442 585 2474 class.
605 2443 739 2483 antiqu.
759 2451 773 2473 1
789 2443 825 2473 iii
842 2452 874 2483 p.
895 2442 937 2473 72
954 2442 1150 2482 recepisset,
1168 2444 1208 2472 ut
1225 2450 1304 2472 cum
1322 2440 1422 2482 Verg.
1441 2439 1525 2472 Aen.
1543 2449 1599 2472 XII
1616 2441 1681 2472 648

132 2498 169 2526 et
187 2494 264 2526 qu.
284 2503 308 2526 X
328 2495 371 2526 54
389 2493 514 2525 tertius
532 2493 678 2525 cubaret
696 2503 796 2535 aeger
815 2497 842 2524 et
860 2496 952 2525 sexta
970 2496 998 2523 et
1015 2493 1155 2524 decuma
1176 2490 1181 2535 Ι
1201 2495 1229 2524 et
1247 2502 1330 2533 quae
1348 2495 1394 2523 ter
1412 2492 1531 2533 quinta
1547 2495 1682 2523 notatur

221 2546 285 2577 479
315 2548 535 2578 undecimam
566 2545 640 2582 GL2,
671 2548 857 2577 undecima
886 2549 920 2582 L,
950 2548 1134 2576 undesima
1151 2548 1185 2576 M
1286 2544 1351 2574 480
1379 2553 1447 2582 que
1477 2544 1573 2585 prius
1603 2543 1678 2575 cod.

134 2597 302 2635 Cusanus,
327 2607 371 2630 ue
394 2600 478 2629 GLM
501 2596 576 2628 cod.
596 2596 751 2629 Venetus
772 2596 939 2628 facillimo
961 2598 1043 2638 post
1065 2606 1084 2627 o
1106 2595 1261 2627 litteram
1291 2605 1415 2633 errore,
1439 2594 1482 2627 de
1512 2605 1581 2636 quo
1605 2594 1678 2626 dixi

134 2648 178 2679 ad
200 2657 228 2680 11
249 2649 315 2680 474
404 2657 534 2680 nonum
556 2652 589 2680 M
610 2647 685 2680 cod.
705 2647 871 2685 Venetus,
896 2651 1020 2680 notum
1045 2651 1095 2680 GL
1183 2646 1334 2678 481-485
1361 2646 1540 2688 Sagittarii
1562 2648 1680 2687 partes

134 2708 171 2730 Iv
195 2708 263 2730 vm
286 2708 341 2732 XII
364 2709 429 2731 XVI
452 2709 501 2732 xx
524 2708 613 2731 XXIV
636 2708 726 2730 XXVI
748 2708 869 2731 xxv111
890 2707 966 2730 xxx
1055 2698 1120 2729 482
1145 2701 1306 2731 centauri
1329 2701 1374 2735 M,
1401 2701 1606 2730 centaurum
1631 2700 1681 2729 GL

133 2750 208 2782 cod.
225 2751 379 2782 Venetus
469 2761 530 2783 sex
552 2754 650 2783 bisue
664 2750 694 2788 *,
718 2754 771 2782 bis
794 2760 924 2789 sexque
947 2754 1005 2787 GL,
1024 2752 1078 2782 bis
1101 2759 1163 2781 sex
1182 2753 1228 2782 Μ.
1284 2749 1368 2780 haec
1392 2749 1443 2780 bis
1461 2758 1518 2779 sex
1534 2747 1681 2788 peractis

135 2805 203 2833 octo
220 2802 270 2833 bis
287 2805 345 2834 aut
361 2802 457 2834 denis
473 2803 664 2834 necessario
682 2802 902 2844 accipiuntur
917 2812 980 2844 pro
998 2801 1048 2832 bis
1064 2811 1121 2832 sex
1138 2802 1228 2841 (aut)
1246 2800 1297 2832 bis
1313 2803 1381 2831 octo
1398 2803 1456 2831 aut
1473 2799 1554 2840 (bis)
1571 2799 1678 2837 denis,

133 2854 170 2885 in
195 2853 321 2894 quibus
347 2853 552 2885 aduerbium
579 2853 719 2894 quidem
744 2853 844 2885 facile
871 2853 1078 2890 adsumitur,
1104 2852 1302 2884 coniunctio
1328 2861 1398 2883 non
1423 2852 1518 2883 item.
1566 2860 1679 2892 neque
