1872 3183
187 133 268 172 108
776 131 837 174 M.
872 132 1125 175 MANILII

346 241 420 283 sed
439 241 612 284 quenis
631 242 768 285 nudos
788 243 998 286 formatus
1019 243 1182 286 mollior
1202 249 1320 286 artus

345 316 591 372 Aegyptum
611 317 666 358 ad
685 317 878 373 tepidam
898 318 1130 374 Tyriasque
1150 318 1309 361 recedit
1328 319 1375 361 in
1395 333 1504 362 arces

180 465 352 508 refugiens
384 466 470 499 facit
497 471 537 499 ut
569 467 756 500 Germania
788 468 892 500 modo
925 472 1074 511 pontum
1108 469 1213 501 modo
1247 472 1356 501 terras
1394 473 1571 512 sequatur,
1606 469 1642 502 id
1677 472 1730 501 est

181 528 274 550 nunc
299 518 379 550 huic
405 529 496 550 nunc
521 518 570 550 illi
595 520 727 551 nomini
753 519 922 552 accedat:
961 521 1012 552 ita
1037 521 1219 553 Lucretius
1245 530 1259 553 1
1284 522 1349 554 436
1375 521 1563 563 (quidquid
1588 524 1733 563 tangere

182 572 219 601 et
246 570 344 611 tangi
371 570 515 612 poterit)
544 572 691 611 corporis
719 571 850 612 auqebit
877 582 1056 604 numerum
1084 582 1315 613 summamque
1337 575 1512 614 sequetur
1533 583 1595 603 nec
1619 572 1732 605 multo

182 620 283 653 aliter
303 621 432 654 Seneca
451 632 521 663 n.q.
543 631 573 654 11
595 624 609 654 1
632 625 653 654 4
673 633 723 665 sq.
746 623 833 655 inter
852 623 1005 656 caelestia
1024 623 1064 655 de
1084 626 1170 655 terra
1189 623 1365 656 dicendum
1386 625 1447 656 erit
1463 648 1470 656 .
1489 649 1497 656 .
1517 648 1525 656 .
1543 624 1635 665 quia,
1656 633 1732 656 cum

179 673 324 714 propria
337 676 440 705 terrae
454 673 567 714 ipsius
582 675 766 707 excutimus
779 685 839 707 suo
854 676 933 713 loco,
951 699 959 707 .
979 700 986 704 .
1006 699 1014 707 .
1033 676 1112 716 ipsa
1131 676 1263 708 animal
1279 676 1322 707 sit
1339 686 1385 708 an
1401 676 1492 708 iners
1508 685 1629 716 corpus
1645 700 1652 708 .
1672 699 1681 708 .
1699 699 1707 707 .
1722 700 1732 713 ,

184 727 214 756 et
237 727 342 756 cetera
366 725 570 763 huiusmodi,
596 727 748 766 quotiens
772 727 811 759 in
836 737 960 759 manus
984 728 1149 764 uenerint,
1175 729 1296 759 terram
1320 730 1523 768 sequentur
1549 730 1577 758 et
1601 728 1639 759 in
1663 727 1731 759 imo

181 775 426 808 collocabuntur
440 787 453 813 ‚·
493 780 537 815 at,
566 777 626 809 ubi
652 780 836 818 quaeretur,
864 778 941 818 quis
968 781 1071 810 terrae
1099 779 1185 810 situs
1212 779 1267 816 sit,
1285 802 1292 810 .
1312 803 1319 810 .
1339 803 1347 810 .
1367 779 1444 811 haec
1471 779 1619 819 quaestio
1647 778 1734 811 cedet

184 827 413 868 superioribus
430 831 468 865 et,
486 831 522 859 ut
539 829 587 860 ita
602 829 725 867 dicam,
740 829 907 861 meliorem
920 829 1149 862 condicionem
1164 833 1348 870 sequetur.
1397 830 1440 862 de
1456 830 1579 862 eadem
1595 830 1733 872 regione

185 878 317 910 Plinius
335 879 406 911 n.h.
426 888 491 911 XVI
510 881 530 911 2
550 883 645 912 uasto
667 880 716 913 ibi
734 884 845 913 meatu
864 880 915 913 bis
934 881 1065 913 dierum
1083 882 1294 922 noctiumque
1312 882 1524 922 sinqularum
1543 881 1735 914 interuallis

185 930 312 972 effusus
336 931 375 962 in
399 931 591 963 inmensum
614 932 725 972 aqitur
749 932 913 970 Oceanus,
939 932 1093 974 operiens
1117 936 1286 964 aeternam
1310 943 1420 965 rerum
1443 936 1584 965 naturae
1608 936 1733 964 contro-

183 982 332 1014 uersiam
358 982 559 1024 dubiumque
585 986 688 1015 terrae
714 984 818 1016 situm
844 994 891 1016 an
914 988 1046 1024 partem
1073 985 1190 1022 maris,
1220 985 1381 1017 Lucanus
1408 993 1421 1017 1
1448 985 1577 1017 409—11
1605 994 1734 1025 quaque

183 1035 267 1065 iacet
286 1034 366 1065 litus
385 1034 535 1072 dubium,
554 1035 641 1075 quod
659 1038 745 1067 terra
757 1035 945 1077 fretumque
968 1033 972 1078 Ι
991 1035 1146 1067 uindicat
1164 1036 1302 1067 alternis
1321 1035 1464 1073 uicibus,
1484 1045 1560 1067 cum
1573 1035 1736 1077 funditur

183 1086 303 1125 inqens
323 1084 328 1128 Ι
348 1086 500 1117 Oceanus
518 1087 572 1118 uel
589 1096 665 1118 cum
682 1086 809 1128 refuyis
826 1097 860 1118 se
870 1087 1033 1128 fluctibus
1051 1087 1171 1128 aufert,
1190 1087 1282 1118 idem
1301 1087 1344 1118 de
1362 1087 1523 1129 Syrtibus
1540 1096 1580 1119 lx
1598 1088 1662 1120 303
1681 1096 1731 1127 sq,

183 1136 298 1178 Syrtes
313 1160 321 1168 .
340 1161 348 1168 .
367 1161 376 1169 .
394 1141 517 1169 natura
533 1162 541 1169 .
561 1162 568 1169 .
588 1162 596 1169 .
616 1138 654 1169 in
700 1138 800 1170 dubio
842 1138 957 1179 pelam·
1002 1142 1168 1179 terraeque
1213 1139 1356 1179 reliquit.
1405 1139 1573 1181 scriptum
1618 1138 1734 1170 fuerat

183 1191 449 1229 terrasquentem,
473 1199 544 1230 qua
566 1199 662 1230 seque
684 1189 881 1221 litterarum
905 1193 986 1231 post
1009 1200 1088 1230 sque
1109 1190 1292 1221 omissione
1315 1190 1351 1221 in
1373 1190 1472 1231 Verg.
1496 1199 1609 1232 georg.
1634 1198 1647 1220 1
1672 1189 1737 1221 106

183 1239 317 1272 factum
336 1244 390 1272 est
410 1244 451 1272 ut
470 1251 533 1282 pro
554 1241 709 1282 riuosque
729 1244 898 1282 sequentes
917 1241 993 1273 cod.
1017 1242 1200 1273 Romanus
1220 1242 1377 1282 riuosque
1391 1242 1535 1282 fluentes
1555 1240 1732 1272 exhibeat.

183 1292 306 1324 eodem
333 1293 524 1334 corrigendi
550 1303 672 1334 genere
699 1303 782 1324 usus
809 1292 989 1324 Bentleius
1016 1292 1097 1324 Luc.
1127 1301 1140 1324 1
1167 1294 1242 1329 641,
1269 1293 1330 1325 ubi
1356 1293 1428 1324 sine
1454 1302 1556 1324 sensu
1583 1291 1737 1324 traditur

183 1343 396 1384 numerisque
426 1344 635 1375 mouentibus
665 1348 766 1382 astra,
798 1344 896 1376 dedit
933 1344 1144 1385 sequentibus
1176 1344 1304 1376 collato
1340 1343 1428 1376 Stat.
1461 1343 1568 1375 Theb.
1602 1352 1640 1375 IV
1670 1344 1731 1375 411

183 1395 396 1436 numerisque
405 1395 614 1436 sequentibus
624 1399 724 1427 astra.
773 1396 810 1427 in
821 1396 919 1427 Lucr.
933 1405 971 1427 VI
982 1396 1069 1427 82-4
1083 1396 1189 1427 multa
1199 1399 1310 1427 tamen
1323 1397 1447 1427 restant
1458 1398 1486 1426 et
1496 1397 1574 1426 sunt
1583 1394 1736 1426 ornanda

183 1445 486 1489 politisffuersibus
514 1449 542 1478 et
572 1447 657 1478 ratio
691 1447 854 1487 caelisque
886 1445 1140 1490 tenendalsunt
1172 1450 1380 1487 tempestates
1409 1450 1437 1478 et
1460 1446 1615 1487 fulmina
1645 1445 1737 1477 clara

183 1498 335 1530 canenda
352 1508 490 1530 uersum
508 1499 601 1530 iusta
619 1509 780 1531 mensura
798 1500 967 1530 minorem
984 1499 1031 1530 sic
1049 1498 1204 1540 explent,
1224 1501 1278 1530 est
1293 1499 1380 1530 ratio
1397 1498 1481 1529 caeli
1499 1498 1736 1540 s<pecies>que

185 1550 336 1587 tenenda,
355 1550 528 1582 sententia
558 1561 669 1592 praua
699 1561 738 1582 ac
764 1561 875 1593 paene
902 1550 1007 1587 nulla,
1035 1561 1147 1591 neque
1172 1550 1264 1581 enim
1292 1553 1408 1581 tenere
1434 1552 1540 1591 poeta
1565 1549 1735 1580 rationem

185 1601 246 1633 sed
271 1601 393 1633 docere
418 1602 636 1643 propositum
662 1601 780 1638 habet,
807 1601 893 1633 caeli
921 1604 1039 1633 autem
1065 1602 1236 1632 rationem
1262 1601 1480 1642 speciemque
1506 1601 1575 1632 iam
1601 1599 1687 1632 libro
1713 1608 1736 1631 v

184 1653 376 1685 maximam
404 1656 541 1694 partem
569 1653 713 1685 docuit:
754 1653 990 1695 intellegerem
1020 1656 1048 1684 et
1076 1653 1161 1684 ratio
1184 1652 1294 1694 cael<o
1316 1652 1496 1694 terr>isque
1516 1651 1735 1694 <seque>nda,

185 1704 393 1746 quibuscum
423 1705 612 1736 concinunt
642 1705 748 1736 46-51
780 1715 865 1745 quae
894 1707 1019 1736 restant
1046 1704 1181 1744 percipe
1209 1714 1308 1744 porro
1325 1727 1332 1734 .
1352 1727 1360 1735 .
1381 1727 1389 1734 .
1408 1706 1521 1740 cetera,
1551 1712 1635 1743 quae
1657 1703 1736 1744 fieri

185 1757 225 1788 in
259 1757 354 1787 terris
388 1757 539 1796 caeloque
573 1759 706 1787 tuentur
726 1754 731 1799 Ι
752 1756 904 1788 mortales
995 1756 1057 1787 797
1092 1759 1205 1788 nudos
1240 1755 1403 1796 Scaliger,
1438 1758 1531 1787 nudo
1569 1754 1648 1786 libri

229 1814 369 1843 mollior
398 1813 457 1847 GL,
487 1813 612 1842 melior
640 1810 675 1841 Μ
764 1814 866 1842 artus
896 1809 1055 1850 Scaliger,
1082 1813 1165 1842 artu
1194 1808 1269 1840 cod.
1303 1808 1414 1846 Bodl„
1441 1813 1543 1840 actus
1571 1811 1630 1840 ΒΜ
1658 1807 1734 1839 cod.

186 1860 352 1899 Venetus,
374 1865 457 1893 actu
479 1861 542 1893 GL²
634 1861 791 1899 quenis,
815 1864 856 1892 ut
878 1861 943 1893 385
965 1863 1001 1892 et
1027 1861 1102 1897 709,
1126 1860 1306 1902 proprium
1329 1869 1456 1891 nomen
1477 1862 1531 1891 est
1552 1862 1589 1891 et
1611 1858 1736 1890 initiali

185 1912 406 1945 scribendum
435 1911 650 1949 maiuscula3
693 1922 783 1953 quae
811 1912 902 1943 enim
932 1912 1134 1943 adiciuntur
1160 1911 1268 1943 nudos
1290 1911 1459 1952 formatus
1486 1910 1618 1942 mollior
1644 1912 1739 1941 artus

186 1974 268 2001 non,
283 1966 325 1995 ut
338 1971 368 1995 Π
380 1964 446 1995 492
460 1963 617 1995 iuuenem
631 1965 782 1994 aeternas
789 1962 987 2003 fundentem
1004 1962 1162 1994 Piscibus
1174 1962 1296 1999 undas,
1311 1962 1376 1993 558
1391 1962 1428 2002 (V
1442 1962 1521 2001 505)
1541 1970 1736 2002 aequoreum

186 2017 354 2053 iuuenem,
368 2024 390 2047 v
403 2015 466 2046 487
479 2015 625 2046 rorantis
641 2014 790 2052 iuuenis,
803 2014 951 2055 Aquarii
963 2013 1300 2045 demonstrationem
1318 2013 1500 2045 continent
1518 2013 1577 2045 sed
1595 2015 1736 2044 tantum

186 2067 381 2099 sententiae
400 2066 667 2098 conuenientem
688 2068 864 2103 ornatum,
886 2068 927 2097 ut
947 2073 976 2097 11
995 2066 1057 2097 511
1080 2065 1194 2097 nudus
1211 2089 1218 2095 .
1238 2089 1246 2096 .
1265 2088 1274 2096 .
1292 2064 1478 2105 Aquarius,
1499 2073 1537 2096 IV
1560 2064 1623 2095 124
1642 2064 1738 2096 diues

178 2118 339 2160 fecundis
351 2117 451 2149 Aries
464 2118 502 2149 in
512 2118 635 2149 uellera
645 2118 735 2149 lanis
804 2117 867 2148 798
878 2120 923 2149 ad
933 2117 1007 2148 cod.
1023 2116 1112 2148 Flor.
1128 2119 1164 2148 et
1177 2116 1313 2147 Bentlei
1329 2118 1355 2153 δ,
1368 2118 1525 2154 tepidam
1545 2115 1735 2153 BentleiuS,

184 2173 365 2209 alepidam
391 2173 450 2202 ΒΜ
478 2169 553 2200 cod.
584 2169 750 2206 Venetus,
776 2171 932 2207 lepidam
957 2168 1186 2209 praecedente
1212 2168 1367 2209 quinque
1395 2167 1594 2199 litterarum
1623 2167 1738 2208 spatio

186 2226 223 2260 G,
241 2221 339 2254 cuius
355 2220 515 2252 librarius
533 2230 642 2252 unum
659 2219 784 2261 pedem
802 2220 916 2251 uersui
942 2220 1059 2251 deesse
1078 2218 1385 2250 animaduerterat.
1433 2218 1554 2249 melius
1572 2217 1739 2249 mollitiae

186 2276 223 2305 et
248 2273 352 2304 nudis
377 2271 523 2304 artubus
544 2271 696 2312 tepidam
721 2281 828 2312 quam
853 2271 1067 2302 rarissimum
1093 2270 1188 2312 apud
1212 2272 1335 2312 poetas
1361 2269 1573 2301 adiectiuum
1592 2269 1738 2310 lepidam

185 2324 351 2356 conuenit
440 2326 478 2355 in
503 2332 601 2355 arces
627 2322 787 2360 Iacobus,
808 2326 853 2354 ad
879 2332 979 2355 arces
1004 2321 1184 2354 Bentleius
1210 2321 1359 2357 addidit,
1386 2330 1475 2361 quae
1502 2320 1609 2352 uerba
1635 2319 1736 2352 codd.

189 2376 279 2408 Flor.
310 2378 346 2407 et
374 2385 466 2416 corp.
498 2374 575 2406 Chr.
607 2374 719 2407 Oxou.
751 2377 832 2405 ante
862 2374 1030 2415 tyriasque
1058 2374 1299 2409 inseruerant;
1328 2371 1477 2404 fortasse
1506 2372 1545 2403 in
1573 2381 1650 2403 oras

232 2427 433 2469 Aegyptum
451 2425 580 2457 Paulus
594 2425 623 2457 B
637 2426 669 2462 2,
684 2425 900 2467 Hephaestio
918 2434 931 2456 1
951 2426 966 2456 l
990 2435 1022 2466 p.
1044 2425 1086 2456 64
1110 2425 1163 2462 16,
1181 2423 1308 2455 Valens
1329 2434 1362 2464 p.
1384 2424 1424 2455 12
1448 2424 1488 2455 15
1510 2432 1560 2464 sq.
1584 2423 1738 2463 Aquario

186 2478 400 2515 attribuunt,
415 2476 578 2508 Manilius
592 2487 675 2508 uero
690 2485 729 2508 IV
744 2477 809 2508 752
824 2476 945 2513 Arieti,
961 2485 1067 2517 quare
1082 2475 1312 2517 Rossbergius
1326 2473 1441 2506 Fleck.
1458 2473 1572 2506 annal.
1589 2473 1656 2505 uol.
1676 2473 1739 2505 139

186 2541 221 2572 p.
243 2530 308 2562 713
328 2529 372 2561 ad
391 2529 544 2569 Cyprum
563 2528 755 2569 proposuit.
803 2527 865 2558 sed
884 2537 954 2558 non
973 2527 1012 2559 in
1032 2526 1222 2567 Aeqyptum
1241 2526 1416 2567 Aquarius
1436 2534 1557 2557 uerum
1577 2525 1738 2566 Aegypto

186 2584 290 2613 tenus
308 2591 329 2612 a
347 2579 641 2622 septentrionibus
660 2578 817 2610 recedere
836 2579 976 2616 dicitur,
997 2581 1038 2610 ut
1057 2578 1209 2610 uicinam
1228 2577 1424 2609 Phoenicen
1441 2576 1600 2614 inuadat,
1619 2586 1738 2617 quem-

188 2631 378 2664 admodum
396 2631 558 2672 Scorpius
576 2631 706 2663 779—81
726 2630 872 2671 Aeqypti
889 2631 978 2662 latus
996 2629 1178 2671 Libycum,
1197 2638 1268 2660 non
1284 2629 1396 2670 ipsam
1413 2628 1625 2670 Aegyptum,
1643 2627 1739 2669 eligit

277 2686 369 2715 recte
399 2682 598 2714 Bentleium
627 2682 664 2714 in
692 2681 759 2713 fine
789 2691 909 2713 uersus
940 2691 1068 2713 nomen
1098 2680 1272 2712 addidisse
1301 2689 1371 2721 quo
1402 2680 1527 2721 Tyrias
1555 2678 1740 2710 referretur

187 2738 287 2777 puto,
315 2735 481 2776 quoniam
512 2733 635 2775 Tyrias
661 2733 767 2774 qentis
794 2743 857 2774 pro
884 2743 925 2764 ea
952 2742 1041 2773 quae
1069 2731 1234 2773 singulari
1260 2741 1405 2763 numero
1427 2731 1511 2773 poni
1530 2730 1618 2762 solet
1635 2733 1739 2771 gente

188 2786 305 2828 Tyria,
321 2785 418 2818 uelut
434 2785 535 2818 Ouid.
554 2788 636 2816 met.
654 2793 697 2817 111
713 2785 767 2822 35,
785 2783 842 2817 Sil.
860 2793 905 2816 111
921 2785 997 2821 571,
1012 2792 1082 2815 x111
1101 2785 1140 2815 16
1157 2793 1221 2824 sq„
1236 2792 1300 2814 xrv
1318 2784 1349 2819 7,
1366 2792 1437 2814 non
1453 2782 1584 2814 usitate
1600 2780 1744 2817 dicitur,

189 2837 257 2869 etsi
282 2847 352 2869 non
378 2837 498 2878 ignoro
525 2836 726 2868 Lucretium
753 2835 919 2868 Troianos
945 2844 959 2868 1
985 2836 1050 2867 465
1079 2835 1304 2874 Troiiuqenas
1329 2834 1435 2874 qentis
1461 2831 1650 2875 appellasse
