1872 3183
553 175 1035 220 ASTRONOMICON
1067 177 1132 219 IV
1529 180 1608 218 115

235 286 321 336 sed,
343 300 427 341 qua
447 286 629 327 mundus
649 286 738 341 agit
755 300 914 336 cursus,
934 286 1107 328 inclinet
1127 290 1169 327 et
1188 286 1289 341 ipse,

236 360 492 415 amissasque
512 365 670 415 negant
688 360 811 410 uires,
832 374 908 402 nec
928 374 1102 401 munera
1121 365 1245 401 tanta

109 441 180 473 865
235 448 310 476 nec
331 433 476 475 similis
495 434 680 475 reddunt
698 448 844 475 noxas.
901 434 1016 475 locus
1036 434 1176 475 omnia
1196 433 1338 476 uertit.

287 508 360 549 sed
380 507 482 563 quid
501 513 592 549 tam
611 508 729 550 tenui
748 507 920 562 prodest
939 507 1102 549 ratione
1122 508 1329 549 nitentem

234 581 410 623 scrutari
429 581 650 631 mundum,
671 581 705 623 si
725 595 842 623 mens
862 596 937 623 sua
956 582 1107 636 cuique
1126 587 1334 637 repugnat

235 670 435 711 spemque
454 655 581 697 timor
602 655 715 697 tollit
733 655 1012 711 prohibetque
1033 670 1057 697 a
1077 655 1218 697 limine
1237 655 1341 698 caeli
1361 657 1376 697 2

238 729 247 746 ‘
264 729 460 772 conditur
480 744 531 771 en
550 730 559 746 '
580 729 721 785 inquit
743 730 752 746 ‘
768 734 892 771 uasto
912 734 1065 771 natura
1084 744 1247 772 recessu

71 876 230 908 binorum
253 876 404 908 siderum
427 876 602 908 laboribus
625 875 735 908 altera
758 876 840 908 bina
862 876 1018 908 laborare
1041 876 1201 918 incipere,
1227 886 1315 917 quae
1333 876 1428 917 prius
1446 876 1605 907 oriantur

71 931 107 960 et
127 928 222 970 prius
243 927 414 965 occidant,
437 937 528 959 nunc
549 929 754 969 expressim,
784 927 869 969 quid
897 927 994 965 uelit,
1025 927 1221 969 siguificat:
1257 930 1397 968 ἔκλειψιν
1420 927 1516 958 illam
1534 936 1605 958 non

68 979 202 1017 eodem,
219 988 288 1020 quo
303 979 353 1010 sol
367 981 403 1010 et
418 978 511 1015 luna,
527 989 588 1020 per
603 978 790 1010 aduersum
806 978 986 1010 zodiacum
1001 979 1099 1016 eniti,
1115 978 1175 1010 sed
1186 979 1294 1020 ipsius
1305 978 1437 1010 zodiaci
1448 981 1484 1009 et
1494 978 1604 1010 totius

68 1030 155 1062 caeli
181 1030 441 1062 conuersionem
468 1030 597 1061 imitari
624 1030 661 1062 in
687 1030 851 1062 dextrum
879 1030 1037 1062 meando.
1087 1030 1178 1062 hanc
1206 1031 1418 1062 sententiam
1437 1039 1510 1061 esse
1529 1030 1606 1071 ipsa

70 1082 176 1114 uerba
212 1080 366 1114 clamant
382 1093 389 1114 ε
436 1081 516 1113 uide
547 1082 651 1113 modo
681 1090 695 1113 1
728 1082 792 1114 597
827 1092 878 1123 sq.
915 1082 968 1113 his
1002 1081 1167 1122 (circulis)
1202 1081 1315 1113 eadem
1348 1085 1395 1113 est
1427 1081 1489 1113 uia
1522 1091 1609 1122 quae

67 1133 204 1171 mundo,
229 1133 421 1174 pariterque
446 1136 598 1164 rotantur
620 1132 797 1176 limina,
825 1133 887 1165 805
914 1135 991 1164 sunt
1016 1132 1086 1164 alia
1110 1133 1250 1164 aduerso
1277 1133 1468 1173 puynantia
1497 1132 1609 1165 sidera

69 1185 204 1222 mundo,
223 1184 323 1217 Ouid.
345 1187 426 1215 met.
448 1193 476 1215 Π
496 1185 537 1216 73
557 1184 616 1216 ubi
637 1184 694 1216 Sol
712 1184 832 1225 rapido
850 1184 965 1225 inquit
983 1184 1170 1216 contrarius
1189 1183 1306 1215 eueher
1324 1183 1403 1215 orbi.
1451 1187 1605 1215 ceterum

66 1246 168 1267 casus
191 1235 366 1278 eclipticos
389 1238 574 1277 propterea
597 1235 817 1267 dextrorsum
841 1245 976 1277 serpere
995 1234 1077 1277 fingi
1094 1238 1182 1277 puto
1199 1235 1283 1276 quia
1306 1245 1384 1267 eam
1407 1235 1443 1266 in
1465 1238 1605 1276 partem

68 1287 151 1319 nodi
169 1287 306 1319 lunares
324 1287 397 1318 siue
416 1289 595 1326 σύνδεσμοι,
615 1287 677 1328 qui
697 1297 754 1318 uu.
776 1287 837 1318 851
860 1296 909 1328 sq.
931 1286 1182 1328 significantur,
1200 1286 1313 1318 locum
1333 1289 1499 1318 mutant:
1524 1286 1605 1318 uide

71 1338 250 1380 Hermipp.
283 1347 311 1370 11
337 1339 375 1370 81
406 1348 456 1380 sq.
489 1340 516 1370 οἱ
541 1340 599 1376 μὲν
624 1340 677 1370 οὖν
700 1340 803 1377 τόποι,
831 1340 864 1370 ἐν
888 1340 937 1370 οἷσ
963 1340 999 1370 τὸ
1022 1341 1084 1377 τῆσ
1107 1340 1286 1379 ἐκλείψεωσ
1304 1339 1411 1370 πάθοσ
1429 1339 1604 1378 ὑφίσταται

68 1391 103 1430 (ὴ
130 1391 276 1430 σελήνη),
312 1391 468 1431 βλαβεροὶ
505 1391 654 1428 καθάπαξ
691 1391 770 1420 εἰσίν
788 1414 795 1421 .
817 1414 824 1421 .
846 1413 853 1421 .
873 1389 947 1421 ἀλλ’
988 1391 1039 1420 ἵνα
1075 1390 1119 1427 μὴ
1158 1391 1239 1420 κατὰ
1270 1390 1396 1421 παντὸσ
1426 1390 1541 1430 χρόνου
1571 1391 1604 1420 ἐν

69 1443 114 1472 ἐνὶ
129 1443 218 1481 τόπῳ
236 1442 387 1479 μένοντεσ
403 1442 576 1479 ἀμέθεκτον
593 1442 651 1479 τὴν
667 1442 798 1482 βλάβην
815 1442 993 1481 παρέχωσι,
1013 1442 1063 1472 διὰ
1079 1443 1173 1472 τοῦτο
1189 1442 1270 1472 ἰδίαν
1286 1442 1358 1472 τινὰ
1374 1442 1425 1471 καὶ
1445 1442 1529 1472 οὗτοι
1549 1442 1604 1472 ἐπὶ

70 1494 114 1523 τὰ
138 1493 320 1532 ἡγούμενα
338 1494 526 1530 πεποίηνται
543 1493 678 1531 κίνησιν,
699 1494 787 1523 ὅπωσ
804 1494 881 1523 rouo·
897 1493 1018 1523 τόπουσ
1035 1493 1224 1531 ἀμείβοντεσ
1241 1493 1360 1530 ἐπίσησ
1376 1494 1428 1523 καὶ
1443 1492 1525 1523 κατὰ
1541 1492 1604 1523 τὰσ-

69 1545 211 1581 οἰκήσεισ
227 1545 382 1584 ἀμείβωσι
399 1545 457 1581 τὴν
475 1544 635 1583 ἐνέργειαν
721 1543 784 1573 862
803 1541 962 1584 Scaliger,
981 1552 1024 1573 ne
1036 1543 1230 1574 sententiae
1244 1542 1440 1574 subiectum
1454 1542 1601 1582 deesset,

68 1594 139 1625 orbi
160 1594 314 1625 mutauit
335 1594 370 1625 in
392 1593 490 1631 orbis,
514 1593 609 1634 quod
631 1593 727 1625 nullo
749 1594 822 1624 iure
839 1593 958 1625 orbem
976 1596 1175 1625 terrestrem
1193 1594 1444 1635 interpretatus
1461 1603 1601 1626 sensum

65 1645 182 1677 effecit
202 1655 222 1677 a
241 1655 277 1677 re
297 1644 545 1677 alienissimum
567 1645 575 1658 ‘
590 1655 660 1676 non
680 1644 822 1686 quidem
839 1648 879 1676 ut
897 1648 991 1676 terra
1008 1644 1212 1676 aduersetur
1229 1645 1325 1676 caelo
1340 1645 1348 1658 ’
1365 1657 1374 1683 ;
1405 1655 1467 1676 nec
1488 1645 1604 1677 minus

68 1697 256 1728 abhorrent
288 1696 445 1728 diuersae
478 1696 600 1728 Huetii
633 1696 721 1737 Fayi
755 1696 903 1728 Breiteri
935 1696 1173 1728 enarrationes
1263 1696 1326 1727 863
1359 1705 1430 1734 qua
1456 1700 1490 1728 M
1512 1697 1604 1729 sicut

65 1749 260 1780 coniecerat
276 1747 435 1789 Scaliger,
453 1750 537 1786 quia
553 1751 613 1780 GL.
660 1747 754 1788 quod
771 1747 920 1789 Scaliger
935 1747 1023 1779 duee
1039 1747 1172 1779 ratione
1186 1747 1259 1779 sine
1272 1747 1367 1779 libris
1381 1748 1602 1789 reciperarat,

68 1798 103 1830 id
123 1799 277 1840 primarii
297 1799 424 1830 codicis
444 1799 646 1830 testimonio
667 1798 912 1830 confirmatum
932 1798 1121 1830 Bechertus
1139 1798 1350 1840 repudiauit,
1368 1808 1411 1830 ne
1428 1799 1601 1830 rationem

67 1859 173 1890 quam
189 1848 472 1882 Gemblacensem
487 1850 584 1890 sequi
599 1848 701 1881 malle
716 1849 893 1881 uideretur
981 1852 1128 1882 inclinet
1137 1852 1207 1888 LM,
1223 1852 1372 1882 inclinat
1386 1848 1449 1881 GL2
1458 1852 1603 1892 propter

66 1900 135 1940 aqit
223 1903 300 1938 ipse
326 1904 371 1939 Μ,
400 1903 481 1939 ipsa
508 1904 557 1933 GL
646 1900 710 1931 864
735 1903 886 1933 amissas
913 1904 972 1939 GL,
1003 1903 1142 1933 animas
1168 1904 1202 1932 M
1291 1904 1425 1939 negant
1437 1900 1467 1938 *‚
1492 1905 1602 1944 negat

68 1952 145 1984 libri
166 1952 455 1993 praecedentibus
476 1951 707 1993 singularibus
724 1955 851 1993 puqnet
871 1952 939 1993 ayit
952 1952 1098 1984 inclinet.
1147 1952 1319 1984 amittunt
1332 1952 1602 1994 hominibusque

67 2006 196 2044 negant
216 2003 305 2035 uires
324 2013 404 2034 suas
424 2003 506 2035 bina
525 2003 623 2044 signa
643 2002 732 2034 binis
751 2003 851 2034 initio
872 2002 1018 2035 adfectis
1038 2003 1217 2035 haerentia
1232 2004 1303 2043 (uu.
1324 2003 1389 2035 860
1405 2004 1472 2044 sq.)
1488 2013 1601 2044 neque

68 2057 130 2086 aut
156 2054 238 2086 boni
265 2057 328 2086 aut
353 2053 436 2085 mali
462 2057 602 2086 tantum
629 2056 801 2094 quantum
828 2056 1085 2086 consueuerunt
1110 2053 1275 2086 efficiunt.
1323 2058 1421 2094 τιᾶραι
1440 2057 1475 2086 et
1494 2054 1600 2087 reddit

67 2115 136 2146 quo
158 2104 276 2137 referri
298 2105 432 2147 possint
454 2115 566 2146 neque
589 2105 689 2136 adest
710 2105 747 2136 in
770 2104 866 2136 libris
888 2115 1000 2146 neque
1019 2105 1218 2136 coniectura
1238 2105 1421 2136 inuentum
1439 2108 1493 2137 est

111 2156 172 2187 865
206 2160 358 2189 reddunt
370 2158 404 2193 ἢ
435 2160 552 2189 reddit
582 2156 660 2189 libri
749 2165 859 2188 noxas
889 2160 948 2196 GL,
981 2159 1082 2188 noxis
1111 2160 1145 2188 M
1235 2156 1325 2188 locus
1349 2157 1465 2188 omnia
1488 2157 1598 2195 uertit,

65 2207 202 2240 illorum
224 2208 260 2239 in
282 2208 409 2249 quibus
432 2208 533 2240 Luna
554 2207 681 2239 defecit
704 2207 882 2249 signorum
904 2207 1066 2239 uicinitas
1083 2217 1202 2239 omnes
1219 2207 1342 2239 horum
1360 2208 1597 2249 proximorum

64 2259 210 2291 effectus
234 2260 402 2291 immutat
492 2259 642 2290 866-935
668 2268 738 2290 non
763 2258 990 2290 diffidendum
1015 2269 1088 2290 esse
1107 2258 1273 2290 facultati
1296 2263 1436 2290 nostrae
1456 2259 1533 2291 fata
1554 2270 1598 2292 ex

67 2313 239 2342 astrorum
269 2310 512 2342 obseruatione
540 2309 693 2348 eruendi,
722 2309 856 2341 caelum
883 2310 975 2341 enim
1004 2309 1143 2341 uolente
1167 2310 1232 2341 deo
1256 2309 1454 2342 hominibus
1479 2314 1599 2352 patere

66 2362 248 2403 ipsumque
264 2362 439 2394 hominem
455 2361 576 2393 mundi
591 2364 727 2403 partem
743 2364 850 2402 atque
866 2361 952 2393 adeo
966 2361 1153 2402 imaginem
1167 2371 1239 2392 esse
1255 2363 1290 2392 et
1301 2361 1439 2393 diuinae
1449 2365 1597 2394 naturae

65 2413 282 2454 participem.
329 2413 447 2454 inepte
483 2412 600 2454 Fayus
635 2415 672 2444 et
708 2412 896 2454 Pingraeus
933 2412 1086 2443 866-868
1123 2415 1306 2453 tamquam
1336 2422 1379 2443 ex
1409 2412 1598 2445 aduersarii

65 2474 212 2506 persona
228 2464 323 2496 dicta
339 2464 515 2506 accipiunt
619 2464 681 2495 866
698 2467 790 2502 quod
805 2467 828 2495 L
843 2466 879 2495 et
895 2463 949 2495 hic
966 2466 1001 2495 et
1018 2464 1082 2496 873
1098 2466 1134 2494 et
1148 2464 1211 2495 893
1301 2467 1376 2496 tam
1390 2463 1488 2496 codd.
1505 2463 1595 2497 Flor.

62 2518 101 2546 et
128 2514 240 2553 Bodl.‚
268 2518 340 2547 iam
360 2518 443 2547 GLM
533 2515 637 2552 tenui,
665 2515 730 2547 387
758 2514 912 2552 multum,
941 2515 1067 2555 inqui&
1096 2517 1289 2554 tenuemque
1316 2514 1408 2546 iubes
1435 2525 1486 2546 me
1506 2515 1597 2557 ferre

64 2566 207 2598 laborem
295 2566 358 2598 868
374 2576 442 2605 que
457 2575 480 2599 a.
495 2566 570 2598 cod.
592 2565 704 2604 Bodl.‚
723 2575 813 2604 quae
829 2566 905 2598 cod.
924 2565 1089 2604 Venetus,
1108 2575 1175 2604 que
1192 2569 1261 2604 LM,
1281 2575 1348 2603 que
1364 2576 1382 2598 e
1398 2566 1474 2599 GL2.
1518 2576 1596 2607 pro·

66 2617 152 2649 hibet
167 2627 182 2649 e
196 2617 316 2649 limine
329 2627 399 2649 non
414 2618 524 2659 magis
539 2617 705 2649 Latinum
719 2621 773 2649 est
787 2627 893 2658 quam
909 2617 1002 2659 quod
1018 2617 1099 2649 Luc.
1112 2626 1180 2649 vm
1190 2618 1255 2650 588
1267 2617 1455 2650 Vossianus
1465 2618 1597 2660 primus

62 2669 208 2701 exhibet
234 2668 389 2700 omnibus
416 2679 432 2700 e
458 2669 553 2701 terris
580 2669 611 2700 si
638 2678 699 2700 nos
725 2678 833 2700 arcere
855 2669 1015 2709 parabas,
1039 2669 1099 2701 ubi
1123 2670 1228 2701 ceteri
1249 2679 1270 2701 a
1290 2669 1386 2701 terris
1475 2673 1596 2702 limine

65 2721 141 2760 GL2,
155 2723 287 2753 lumine
298 2724 357 2753 ΕΜ
450 2720 512 2751 869
525 2723 688 2753 conditur
699 2724 757 2752 LM
769 2720 844 2752 cod.
860 2720 1024 2758 Venetus,
1039 2724 1157 2752 condit
1169 2720 1232 2752 (ΞθΙ.2
1243 2731 1286 2752 ne
1299 2731 1320 2752 a
1331 2730 1463 2762 paeone
1476 2731 1596 2754 uersus

64 2772 232 2813 inciperet
322 2781 365 2803 en
382 2770 542 2809 Iacobus,
561 2774 678 2809 inquit
692 2771 818 2811 (condit
832 2771 921 2803 enim
934 2781 977 2809 se,
993 2771 1116 2812 inquit)
1131 2771 1318 2809 Bentleius,
1338 2774 1431 2804 enim
1446 2775 1532 2810 quid
1548 2776 1594 2812 M,

65 2825 158 2855 enim
174 2826 266 2861 quod
281 2825 316 2861 L,
335 2824 429 2854 enim
448 2823 630 2863 (sequente
649 2831 761 2854 uacuo
779 2823 893 2864 spatio
911 2830 955 2853 111
969 2822 1024 2853 uel
1037 2830 1074 2854 1v
1091 2822 1301 2862 litterarum)
1320 2826 1413 2861 quod
1428 2826 1464 2860 G,
1483 2823 1594 2855 solum

64 2877 158 2912 quod
181 2874 255 2906 cod.
281 2873 448 2913 Venetus,
475 2872 584 2905 condit
609 2872 697 2904 enim
723 2872 880 2914 quicquid
905 2873 979 2906 cod.
1005 2873 1108 2914 Flor„
1137 2884 1242 2916 quam
1269 2874 1354 2906 leuis
1381 2877 1416 2906 et
1442 2875 1596 2917 imperiti

806 2937 830 2959 H
843 2929 863 2959 2
