1872 3183
590 116 1073 160 ASTRONOMICON
1106 117 1171 158 IV
1599 119 1651 155 87

281 235 326 271 et
344 233 488 272 uastos
508 228 753 284 elephantas
772 227 915 277 habet,
936 242 1167 283 saeuosque
1186 227 1325 268 leones

281 303 325 344 in
344 317 500 358 poenas
519 303 700 345 fecunda
719 317 816 344 suas
835 302 948 357 parit
966 302 1135 344 horrida
1154 301 1278 343 tellus

282 382 325 418 et
343 381 610 432 portentosos
629 391 852 432 cercopum
871 376 981 417 ludit
999 376 1042 417 in
1063 381 1179 417 ortus

281 465 330 492 ac
350 451 480 493 sterili
498 452 614 506 peior
633 450 765 492 siccas
783 450 959 492 infestat
978 450 1169 499 harenas,

154 532 225 563 670
281 525 413 567 donec
433 525 488 566 ad
507 525 691 580 Aegypti
710 529 843 579 ponat
863 538 938 565 sua
957 524 1048 565 iura
1066 523 1250 565 colonos.

281 598 378 640 inde
397 599 520 640 Asiae
539 598 685 654 populi
704 598 906 653 diuesque
925 612 998 653 per
1018 598 1159 639 omnia
1178 596 1301 638 tellus
1321 611 1329 638 ε

282 672 504 728 auratique
522 672 662 714 fluunt
681 686 826 713 amnes
844 670 1102 727 gemmisque
1122 670 1279 712 relucet

282 752 451 802 pontus,
472 747 673 788 odoratae
693 746 856 801 spirant
874 745 1153 787 medicamina
1173 745 1302 786 siluae
1322 759 1330 786 z

280 821 403 862 India
422 821 576 862 notitia
596 820 741 870 maior,
762 820 994 875 Parthique
1013 819 1081 860 uel
1101 819 1213 860 orbis

116 961 253 992 coontis
283 960 360 992 filiis
449 961 511 991 666
539 960 655 992 delens
683 960 860 992 Bentleius
886 959 1059 991 refutatur
1082 958 1252 990 Herodoti
1275 961 1310 990 et
1334 957 1514 991 Strabonis
1538 956 1652 989 uerbis

120 1022 225 1053 supra
250 1011 447 1054 adscriptis,
474 1022 586 1053 neque
618 1011 688 1043 ullo
721 1012 914 1043 sententiae
947 1010 1182 1042 emolumento
1216 1009 1364 1041 Iacobus
1398 1019 1536 1041 uersum
1572 1011 1652 1050 post

121 1064 184 1095 667
218 1064 377 1102 traiecit3
420 1064 550 1105 optime
584 1064 676 1095 enim
710 1073 789 1095 suas
822 1064 858 1094 in
886 1072 1016 1104 poenas
1047 1061 1197 1093 fecunda
1231 1061 1358 1093 dicitur
1384 1061 1486 1093 tellus
1513 1060 1653 1092 leonum

119 1116 249 1152 nutrix,
288 1125 375 1156 quos
413 1114 557 1156 Polybio
595 1117 735 1146 auctore
776 1114 906 1145 Plinius
945 1113 1090 1145 obsidere
1128 1112 1266 1154 Africae
1304 1111 1400 1144 urbes
1434 1111 1544 1144 tradit
1579 1111 1650 1142 n.h.

118 1174 187 1198 vm
226 1167 267 1198 47
373 1171 495 1199 uastos
534 1167 598 1198 GL²
636 1169 672 1198 et
710 1167 746 1198 in
784 1169 818 1197 M
858 1175 950 1197 man.
991 1175 1070 1203 rec„
1103 1169 1226 1197 uastas
1259 1168 1316 1196 ΒΜ
1450 1164 1513 1195 667
1546 1167 1653 1195 tellus

119 1217 279 1259 Scaliger,
306 1220 392 1252 bella
415 1218 493 1250 libri
517 1217 562 1250 ob
592 1217 691 1259 Verg.
713 1217 797 1249 Aen.
821 1226 859 1248 VI
885 1218 927 1248 86
952 1216 1007 1248 uel
1033 1225 1085 1247 vn
1109 1217 1162 1253 41,
1188 1215 1327 1247 sublata
1351 1215 1517 1247 orationis
1543 1218 1653 1246 struc-

119 1272 210 1307 tura,
250 1279 356 1310 quam
394 1269 525 1301 frustra
562 1270 742 1301 restituere
781 1271 927 1300 conatus
966 1268 1141 1299 Breiterus
1174 1267 1265 1298 hunc
1301 1276 1439 1298 uersum
1475 1269 1556 1308 post
1589 1266 1654 1297 668

120 1321 346 1361 transposuit,
377 1320 466 1352 bella
491 1321 740 1362 interpretatus
767 1322 985 1352 monstrorum
1015 1329 1057 1350 ex
1088 1329 1120 1350 u.
1154 1319 1217 1350 662
1248 1317 1526 1360 repetendorum.
1574 1316 1652 1349 Sen.

119 1371 209 1402 Med.
238 1372 302 1403 956
328 1372 449 1403 sterilis
474 1372 513 1403 in
541 1382 668 1412 poenas
693 1371 753 1412 sui
841 1371 904 1402 668
930 1380 1114 1409 cercopum
1145 1369 1305 1410 Scaliger,
1338 1378 1522 1407 cecropum
1547 1372 1654 1400 GLM:

122 1422 221 1455 Ouid.
243 1426 324 1455 met.
343 1432 407 1455 XIV
426 1424 469 1455 92
487 1433 550 1465 pro
568 1433 740 1464 cercopum
757 1422 835 1454 libri
854 1432 1025 1463 cecropum
1042 1431 1213 1462 cecoprum
1231 1421 1308 1452 alia.
1358 1420 1507 1461 Hesych.
1528 1423 1654 1462 κέρκωψ

124 1499 131 1505 .
148 1499 155 1505 .
173 1477 279 1507 ,εἶδοσ
309 1478 415 1516 θηρίου
447 1477 592 1515 μεγάλην
624 1477 718 1515 οὐρὰν
749 1477 904 1515 ἕχοντοσ;
944 1473 1104 1505 Manilius
1133 1472 1386 1514 cercopithecos
1412 1471 1593 1513 Significat,
1619 1473 1655 1503 in

119 1526 213 1566 quod
247 1526 375 1558 animal
408 1526 575 1568 Cercopas
608 1528 763 1558 mutatos
795 1529 940 1557 narrant
971 1525 1171 1566 Xenagoras
1206 1523 1320 1555 Muell.
1356 1524 1441 1565 frag.
1478 1523 1559 1555 hist.
1595 1523 1652 1555 Gr.

119 1586 157 1609 lv
182 1588 214 1618 p.
243 1578 307 1609 528
332 1580 367 1609 et
394 1577 539 1609 Ouidius
565 1580 646 1609 met.
672 1586 737 1609 ΧΠ
763 1578 802 1609 91
835 1587 910 1618 sqq.
1002 1579 1103 1613 ortus,
1129 1578 1262 1617 partus,
1288 1578 1329 1607 ut
1358 1584 1386 1606 11
1415 1576 1479 1607 239
1508 1578 1544 1606 et
1572 1574 1655 1606 locis

120 1629 168 1660 ibi
205 1628 340 1661 afflatis.
388 1629 474 1661 ludit
509 1629 548 1660 in
583 1632 673 1660 ortus
709 1631 750 1660 ut
783 1637 806 1659 v
840 1629 904 1660 530
938 1627 1114 1659 Pactoliue
1147 1628 1224 1667 leget
1252 1636 1369 1658 census
1396 1627 1587 1667 spumantis
1617 1627 1655 1658 in

119 1690 241 1712 aurum
330 1680 393 1711 669
424 1680 530 1712 sterili
554 1680 673 1720 peior:
715 1682 806 1711 recte
836 1678 1013 1710 Bentleius
1045 1679 1162 1720 ‘peior
1189 1688 1295 1719 quam
1323 1678 1351 1709 si
1379 1680 1468 1709 esset
1497 1677 1654 1715 sterilis',

119 1730 207 1763 falso
228 1730 377 1763 Huetius
400 1731 408 1744 ‘
421 1741 492 1763 non
512 1734 653 1763 tantum
674 1731 799 1762 sterilis
819 1730 879 1762 sed
899 1729 1005 1762 sterili
1025 1731 1120 1771 peior
1134 1730 1154 1767 ',
1176 1739 1287 1771 neque
1307 1730 1399 1761 enim
1420 1729 1543 1761 sterilis
1563 1732 1656 1760 terra

118 1785 173 1814 est
195 1785 250 1814 tot
272 1785 505 1815 monstrorum
527 1782 634 1814 ferax.
682 1782 741 1814 sed
764 1782 938 1814 uerissime
959 1781 1051 1813 idem
1073 1781 1271 1822 frustraque
1294 1781 1474 1812 obnitente
1497 1780 1654 1812 Bentleio

120 1833 257 1874 infestat
280 1835 530 1875 interpretatur
558 1833 723 1865 ‘infestas
749 1833 863 1865 reddit
876 1832 898 1871 ',
924 1833 1021 1864 cuius
1047 1842 1128 1864 usus
1153 1832 1189 1863 ’m
1213 1831 1323 1863 lexica
1347 1831 1464 1863 relatis
1489 1831 1655 1873 exemplis

120 1883 211 1916 addo
237 1884 336 1916 Ouid.
363 1894 468 1916 amor.
494 1893 522 1916 11
548 1885 584 1916 11
614 1885 653 1916 18
676 1894 759 1925 quas
781 1884 894 1924 Scylla
916 1883 1045 1925 infestet
1067 1893 1192 1924 quasue
1215 1882 1400 1923 Charybdis
1422 1893 1538 1923 aquae,
1563 1882 1653 1914 Stat.

121 1935 227 1967 Theb.
246 1944 301 1967 vn
317 1936 358 1967 66
374 1946 424 1977 sq.
440 1946 543 1977 pecus
558 1936 640 1967 utile
654 1935 734 1968 bello
754 1934 760 1979 Ι
779 1936 900 1967 uallem
915 1935 1101 1976 infestabat,
1118 1934 1266 1975 denique
1281 1933 1373 1966 Man.
1391 1942 1415 1965 v
1431 1935 1495 1966 708
1510 1943 1656 1974 quaeque

121 1986 193 2018 alia
206 1986 367 2028 infestant
383 2011 390 2018 .
409 2011 417 2018 .
437 2011 443 2018 .
462 1986 630 2018 animalia
644 1989 766 2024 terras;
795 1990 974 2028 praeterea
989 1986 1068 2018 Sall.
1086 1985 1160 2027 Iug.
1180 1986 1222 2017 89
1238 1987 1258 2017 5
1273 1985 1389 2017 omnia
1403 1988 1501 2016 uasta
1515 1985 1654 2022 inculta,

122 2038 248 2078 eqentia
268 2047 383 2079 aquae,
404 2037 528 2078 infesta
546 2037 762 2078 serpentibus,
785 2037 885 2070 Ouid.
908 2040 989 2069 met.
1013 2046 1050 2069 IV
1072 2038 1136 2069 620
1149 2036 1307 2078 frequens
1325 2036 1387 2068 clla
1406 2039 1452 2068 est
1471 2036 1655 2077 infestaque

120 2093 207 2120 terra
234 2089 376 2121 colubris
463 2090 528 2121 670
555 2094 665 2128 ponat
694 2093 731 2127 G,
759 2093 866 2128 ponet
894 2088 979 2127 PM,
1008 2098 1117 2127 ponec
1144 2092 1180 2121 1..
1225 2087 1384 2119 futurum
1411 2087 1492 2118 ferri
1519 2088 1653 2128 nequit,

123 2140 366 2172 subiunctiuus
392 2140 541 2172 habetur
566 2141 668 2172 simili
691 2140 890 2172 condicione
916 2149 944 2172 11
970 2140 1045 2178 847,
1069 2139 1128 2171 sed
1153 2138 1260 2171 nihilo
1286 2138 1436 2170 deterius
1461 2138 1534 2170 fore
1557 2139 1655 2179 ponit

121 2191 313 2224 ostendunt
340 2201 383 2224 111
409 2193 462 2230 86,
491 2192 566 2229 264,
595 2193 670 2230 382,
699 2201 736 2224 1v
764 2192 827 2223 626
914 2194 1029 2232 ponat,
1057 2190 1220 2232 deponat,
1247 2191 1314 2222 alio
1341 2200 1442 2221 sensu
1469 2200 1508 2221 ac
1532 2200 1656 2230 ponere

121 2243 200 2275 iura
216 2243 343 2275 dicitur
360 2243 460 2286 Prop.
480 2252 524 2275 111
540 2244 561 2276 9
577 2244 620 2275 24
636 2247 672 2275 et
689 2252 726 2275 1v
743 2244 763 2275 9
782 2244 826 2275 64
841 2255 850 2281 ;
880 2243 939 2275 sed
956 2242 1123 2284 Vergilius
1140 2242 1224 2273 Aen.
1240 2250 1294 2273 vn
1310 2242 1351 2273 63
1368 2251 1487 2273 nomen
1500 2241 1655 2282 posuisse

120 2295 256 2333 colonis,
280 2294 315 2326 id
338 2297 390 2327 est
412 2295 626 2337 imposuisse,
645 2303 715 2327 v111
736 2295 800 2327 329
823 2294 959 2335 saepius
981 2297 1009 2326 et
1030 2303 1150 2325 nomen
1168 2293 1283 2334 posuit
1304 2292 1469 2325 Saturnia
1489 2293 1594 2331 tellus,
1618 2293 1654 2325 id

120 2349 174 2378 est
207 2345 368 2388 deposuit
468 2350 607 2379 colonos
638 2346 689 2383 L2,
722 2349 853 2379 colonis
885 2349 968 2378 GLM
1002 2345 1076 2378 cod.
1096 2345 1249 2376 Venetus
1349 2345 1414 2376 672
1446 2354 1528 2385 que.
1545 2368 1553 2376 .
1570 2354 1654 2385 .que

122 2398 213 2429 inter
228 2407 263 2429 se
279 2397 489 2439 respondent
579 2398 643 2430 674
660 2398 781 2430 notitia
797 2397 914 2435 maior,
932 2396 1042 2429 maior
1058 2406 1164 2438 quam
1181 2406 1270 2437 quae
1286 2396 1380 2428 nosci
1397 2396 1516 2437 possit,
1534 2405 1654 2437 quem-

123 2448 312 2480 admodum
337 2448 464 2481 dicitur
481 2449 560 2490 fide,
586 2459 655 2490 epe,
680 2452 755 2481 uoto
779 2449 895 2481 maior.
942 2448 1063 2480 hocine
1088 2447 1213 2479 uidisse
1237 2447 1421 2485 neminem,
1446 2446 1653 2488 Pingraeum

124 2503 159 2532 et
188 2499 383 2531 Breiterum
412 2499 508 2532 fama
536 2501 701 2532 maiorem
731 2500 880 2538 Indiam,
910 2499 1045 2541 Fayum
1074 2499 1194 2530 ceteris
1224 2498 1322 2530 terris
1350 2498 1520 2530 notiorem
1549 2498 1653 2530 inter-

124 2553 301 2592 pretatum
317 2560 389 2582 csse
406 2553 414 2583 !
506 2561 569 2592 pro
585 2551 705 2583 Parthi
722 2550 898 2583 Bentleius
913 2550 1027 2582 inutili
1044 2559 1201 2591 quaeque
1216 2549 1316 2581 facile
1332 2549 1487 2581 Breitero
1502 2548 1654 2591 placeret

123 2602 321 2633 coniectura
341 2600 479 2633 Parthis
499 2604 628 2643 Παρθίσ
650 2602 844 2640 substituit,
866 2611 946 2634 cum
967 2605 1085 2633 tamen
1106 2600 1236 2638 Parthi,
1253 2600 1341 2632 orbis
1362 2600 1442 2632 alter
1462 2602 1536 2631 tam
1561 2604 1653 2632 recte

123 2652 251 2684 dicitur
269 2661 375 2693 quam
395 2652 459 2684 753
478 2652 620 2691 Arabae,
641 2652 727 2684 ditia
745 2662 853 2693 reyna.
901 2651 1112 2684 simillimum
1131 2654 1184 2683 est
1203 2650 1297 2693 quod
1315 2651 1351 2682 in
1369 2649 1464 2682 libris
1483 2649 1653 2683 traditum

123 2703 271 2735 editores
297 2712 367 2735 non
392 2702 510 2735 ferunt
535 2713 627 2736 cons.
655 2703 731 2735 Liu.
760 2704 825 2736 390
850 2713 899 2744 sq.
928 2703 1071 2744 dispersi
1093 2713 1155 2744 per
1179 2702 1260 2743 {uqa
1285 2701 1459 2733 Pannonii
1480 2699 1486 2744 Ι
1505 2704 1534 2733 et
1558 2702 1652 2734 modo

122 2754 304 2786 Germani
318 2754 482 2786 Romanis
494 2755 642 2796 coqnitus
654 2755 751 2793 orbis,
765 2755 800 2786 id
813 2758 866 2786 est
879 2754 1051 2792 Germani,
1064 2754 1154 2786 orbis
1169 2753 1271 2786 modo
1285 2754 1451 2795 cognitus.
1499 2755 1653 2785 ceterum

118 2806 204 2838 alter
224 2805 311 2838 orbis
332 2805 529 2848 appellatur
550 2806 731 2839 Britannia
749 2806 832 2838 Vell.
857 2815 885 2838 11
906 2807 948 2838 46
972 2807 1000 2844 1,
1024 2806 1111 2838 Flor.
1136 2814 1150 2837 1
1171 2807 1213 2837 45
1237 2806 1288 2843 16,
1311 2804 1414 2838 Solin.
1438 2805 1480 2836 22
1504 2805 1533 2843 l,
1555 2804 1650 2838 Seru.
