1872 3183
217 135 271 173 84
808 129 869 170 M.
902 128 1155 170 MANILII

377 240 531 295 inpulit
551 253 708 281 oceano
727 238 928 289 Phorcus,
950 238 1022 280 sed
1042 237 1258 279 montibus
1279 237 1375 279 altis

252 323 321 354 645
377 320 442 357 est
460 315 621 357 uetitus
640 319 780 356 totam
799 328 852 355 ne
871 313 1060 355 uinceret
1080 327 1260 368 aequore
1279 318 1449 354 terram.

377 404 562 445 namque
580 389 690 431 inter
710 389 879 430 Borean
896 392 1121 442 ortumque
1141 392 1304 429 aestate
1324 387 1532 429 nitentem

376 465 420 505 in
439 463 611 519 longum
631 467 813 518 angusto
831 461 1103 518 penetrabilis
1123 476 1304 516 aequore
1323 461 1478 503 fluctus

378 538 572 594 peruenit
591 543 635 579 et
653 536 811 592 patulis
830 542 924 578 tum
945 536 1117 578 demum
1136 535 1329 577 funditur
1349 535 1461 578 aruis

378 613 614 668 Caspiaque
633 611 791 653 Euxini
810 610 956 653 similis
975 610 1079 653 facit
1098 624 1282 665 aequora
1300 610 1434 666 ponti.

253 694 322 726 650
378 687 512 728 altera
531 686 611 728 sub
629 686 818 728 medium
837 685 967 728 solem
988 685 1072 726 duo
1092 684 1201 726 bella
1220 684 1392 740 perinde

378 761 524 803 intulit
545 761 736 803 Oceanus
755 760 890 802 terris.
947 774 1048 801 nam
1068 759 1234 801 Persica
1253 759 1407 801 fluctus

378 850 481 877 arua
500 840 632 886 tenet,
653 834 828 877 titulum
848 834 985 890 pelagi
1004 833 1234 889 praedatus
1254 833 1308 875 ab
1327 833 1461 875 isdem

379 925 487 966 quae
506 911 616 966 rigat
635 910 724 966 ipse
743 909 858 959 locis,
877 909 1051 964 latoque
1070 908 1308 950 infunditur
1329 908 1441 949 orbe.

301 1037 365 1067 644
381 1039 537 1074 inpunta
554 1037 636 1066 ante
653 1043 737 1066 corr.
756 1037 814 1065 LM
901 1036 1053 1071 phorcus
1070 1030 1230 1069 Iacobus,
1247 1034 1367 1069 pocius
1384 1034 1429 1068 M,
1444 1033 1564 1069 potius
1576 1033 1637 1067 GL,
1654 1037 1758 1062 suam

215 1087 291 1119 cod.
314 1088 478 1125 Venetus,
495 1090 620 1128 pontus
639 1085 789 1126 Scaliger
805 1084 954 1126 eleganti
966 1086 1007 1115 ut
1018 1084 1084 1124 ipsi
1102 1082 1290 1114 uidebatur
1308 1082 1528 1124 repetitione.
1578 1081 1757 1113 Bentleius

213 1139 329 1179 potius
356 1139 446 1171 tueri
473 1141 621 1170 conatus
641 1140 694 1169 est
721 1136 787 1168 hac
814 1135 1111 1177 interpunctione,
1134 1143 1193 1165 nec
1219 1137 1349 1165 tantum
1378 1144 1416 1165 ea:
1442 1143 1514 1164 una
1536 1135 1662 1174 pontus
1689 1131 1761 1164 sibi

211 1194 307 1231 parte
327 1190 458 1222 reclusit
475 1214 482 1221 .
502 1214 510 1221 .
529 1213 536 1221 .
555 1189 663 1220 orbem
684 1189 779 1229 (nam
797 1187 895 1219 litora
911 1187 1015 1227 plura
1036 1184 1040 1229 Ι
1060 1185 1198 1226 impulit
1217 1186 1363 1224 oceano),
1381 1185 1497 1225 potius
1514 1184 1570 1216 sed
1589 1183 1760 1216 montibus

213 1242 294 1273 altis
315 1240 320 1285 Ι
341 1245 386 1274 est
398 1242 521 1273 uetitus
535 1244 613 1278 etc„
626 1240 773 1282 pessime
787 1239 823 1271 in
837 1237 1061 1280 parenthesin
1075 1237 1246 1269 contrusis
1259 1246 1348 1277 quae
1362 1236 1562 1278 primariam
1576 1236 1759 1267 continent

214 1294 426 1325 sententiam
446 1302 622 1334 quamque
646 1291 821 1333 explicent
837 1291 1059 1330 insequentes
1082 1298 1201 1320 uersus
1225 1289 1368 1319 646-57.
1416 1287 1566 1319 Phorcus
1582 1297 1645 1329 pro
1668 1287 1756 1319 mari

214 1346 369 1386 positum
387 1347 441 1376 est
462 1353 485 1375 v
507 1345 572 1375 585
594 1346 691 1374 sonat
711 1342 861 1382 undique
882 1341 1043 1378 Phorcus,
1061 1339 1121 1371 ubi
1142 1339 1221 1371 libri
1236 1339 1348 1380 sortus
1368 1341 1404 1370 et
1419 1338 1544 1380 forti83
1579 1348 1680 1380 saepe
1702 1338 1758 1370 hic

215 1397 301 1428 deus
319 1406 442 1437 porcus
459 1395 510 1433 fit,
529 1394 708 1427 interdum
727 1397 858 1435 portus.
907 1392 1001 1434 quod
1025 1395 1143 1423 autem
1166 1391 1318 1422 Phorcus
1340 1400 1480 1428 oceano,
1502 1390 1568 1422 hoc
1588 1393 1642 1422 est
1663 1399 1759 1422 mare

215 1449 313 1486 mari,
331 1448 434 1480 litora
450 1447 628 1489 impulisse
646 1446 785 1482 dicitur,
803 1455 846 1476 ex
861 1444 934 1476 eius
948 1443 1113 1485 loquendi
1126 1443 1258 1484 generis
1274 1442 1441 1484 exemplis
1458 1441 1503 1473 ad
1519 1450 1533 1473 1
1549 1442 1614 1474 539
1631 1441 1759 1473 adlatis

214 1511 328 1542 pauca
362 1503 519 1541 repetam
553 1498 698 1530 adiectis
731 1497 831 1529 aliis:
880 1505 918 1528 IV
955 1497 1020 1528 830
1053 1496 1159 1527 uomit
1192 1494 1365 1526 Oceanus
1385 1497 1546 1535 pontum
1578 1493 1760 1534 sitiensque

213 1552 365 1590 resorbet,
387 1561 409 1583 v
429 1552 472 1583 70
491 1561 558 1591 qua
576 1550 705 1590 yelidus
727 1549 871 1580 Boreas
894 1547 1145 1589 aquilonibus
1170 1547 1274 1578 instat
1292 1546 1411 1583 acutis,
1432 1546 1530 1587 Verg.
1552 1545 1638 1577 Aen.
1660 1554 1674 1577 1
1693 1545 1759 1577 246

215 1605 243 1635 it
261 1613 363 1635 mare
393 1605 595 1643 proruptum
615 1603 645 1632 et
660 1600 797 1641 pelaqo
814 1599 938 1640 premit
960 1608 1046 1629 arua
1066 1598 1212 1634 sonanti,
1233 1597 1295 1628 dir.
1317 1597 1360 1628 48
1380 1597 1515 1634 undae,
1535 1607 1618 1637 quae
1638 1596 1760 1628 uestris

212 1655 361 1696 pulsatis
388 1654 487 1685 litora
515 1651 696 1693 lymphiS,
716 1651 816 1692 Prop.
847 1659 861 1682 1
891 1651 927 1682 ll
961 1651 997 1681 11
1030 1659 1079 1690 sq.
1110 1652 1218 1680 teneat
1244 1649 1393 1680 clausam
1420 1648 1513 1680 tenui
1544 1647 1761 1680 Teuthrantis

214 1708 254 1739 in
282 1706 387 1738 unda
408 1703 413 1748 Ι
433 1705 581 1736 alternae
601 1703 722 1745 facilis
749 1702 857 1734 cedere
881 1701 1039 1742 lympha
1065 1710 1181 1737 manu,
1210 1709 1290 1741 pan.
1318 1699 1465 1731 Messall.
1497 1700 1559 1731 147
1585 1699 1760 1731 Oceanus

211 1761 331 1800 ponto
347 1767 414 1797 qua
430 1756 575 1787 continet
590 1754 708 1792 orbem,
723 1753 782 1786 Sil.
797 1762 820 1784 v
838 1754 903 1785 395
915 1756 1011 1794 pater
1027 1752 1199 1784 Oceanus
1214 1761 1315 1792 quam
1329 1761 1433 1782 saeua
1450 1751 1589 1791 Tethye
1604 1750 1734 1792 Calpen
1752 1748 1758 1793 1

215 1809 417 1842 Herculeam
433 1807 525 1849 ferit,
542 1815 582 1838 XI
605 1807 671 1838 510
698 1806 860 1837 cedentem
884 1805 1027 1845 impellit
1051 1806 1211 1835 retrorsus
1234 1803 1273 1834 in
1297 1812 1462 1843 aequora
1480 1806 1651 1843 pontum,
1670 1802 1754 1835 Eur.

217 1862 273 1894 Or.
304 1860 435 1892 1377-9
460 1861 606 1896 πόντον,
629 1858 802 1889 Ὠκεανὸσ
826 1858 860 1888 ὃν
886 1858 1101 1897 ταυρόκρανοσ
1125 1856 1289 1894 ἀγκάλαισ
1314 1856 1452 1886 ἑλίσσων
1477 1856 1588 1886 κυκλοῖ
1609 1857 1711 1894 χθόνα,

305 1911 458 1943 646-649
470 1910 633 1951 Caspium
647 1919 741 1940 mare
756 1908 883 1940 Oceani
897 1908 1011 1939 sinum
1023 1917 1095 1938 esse
1108 1907 1213 1948 uulgo
1226 1905 1414 1938 credebant
1427 1908 1509 1937 ante
1520 1905 1760 1939 Ptolemaeum

218 1966 361 1995 auctore
377 1965 418 1994 ut
436 1961 575 1993 uidetur
591 1959 760 1997 Patrocle,
776 1959 893 1991 Strab.
911 1967 950 1990 XI
967 1969 999 2000 p.
1021 1959 1085 1990 518
1102 1957 1146 1989 ad
1163 1957 1234 1994 fin.‚
1251 1958 1317 1989 etsi
1331 1958 1402 1989 iam
1419 1956 1619 1989 Herodotus
1634 1965 1649 1989 1
1661 1957 1726 1989 202
1738 1959 1759 1988 4

216 2019 253 2047 et
281 2013 486 2047 Aristoteles
513 2015 654 2045 meteor.
687 2022 720 2054 p.
751 2012 830 2043 354³
861 2012 881 2043 3
908 2021 958 2052 sq.
989 2020 1110 2042 uerum
1137 2009 1328 2041 docuerant
1416 2009 1480 2040 646
1506 2011 1614 2041 ortum
1640 2012 1763 2041 aestate

217 2067 387 2103 nitentem,
429 2067 590 2096 exortum
633 2063 818 2100 aestiuum,
873 2064 932 2101 τὴν
976 2064 1100 2103 θερινὴν
1146 2063 1317 2099 ἀνατολήν,
1360 2059 1548 2092 horizontis
1588 2063 1758 2102 punctum

219 2118 311 2150 unde
329 2117 380 2149 sol
397 2116 514 2149 media
531 2118 665 2147 aestate
686 2114 805 2155 surgit.
854 2114 1011 2145 nitentem
1033 2115 1194 2144 exortum
1216 2112 1306 2143 dixit
1321 2120 1350 2143 11
1367 2112 1431 2143 826
1521 2111 1583 2143 647
1608 2111 1671 2143 648
1689 2113 1761 2154 περὶ

218 2172 309 2208 κὸσμ.
332 2179 365 2210 p.
389 2168 471 2200 3931>
498 2168 518 2198 5
539 2177 588 2206 sq.
614 2167 694 2198 κατὰ
716 2167 827 2197 στενόν
850 2177 885 2196 τε
908 2166 960 2196 καὶ
981 2166 1120 2203 ἐπιμήκη
1142 2166 1256 2202 διήκων
1280 2165 1400 2202 αὐχένα
1422 2164 1520 2194 πάλιν
1543 2165 1756 2203 ἀνευρύνεται,

220 2220 334 2254 Strab.
354 2228 394 2251 XI
412 2229 445 2261 p.
468 2219 544 2256 507,
563 2217 641 2249 Mel.
662 2226 706 2249 111
725 2217 778 2254 38,
798 2215 885 2248 Plin.
906 2215 976 2247 n.h.
998 2224 1035 2247 VI
1055 2216 1097 2247 38
1186 2215 1249 2246 647
1268 2218 1413 2252 longum
1432 2217 1478 2251 Μ,
1496 2217 1602 2252 longo
1622 2217 1670 2246 GL

265 2270 483 2313 penetrabilis
511 2270 628 2301 actiua
654 2268 904 2310 significatione
925 2267 1078 2308 positum
1097 2276 1169 2297 esse
1189 2268 1331 2307 propter
1347 2265 1482 2306 Fayum
1499 2267 1536 2297 et
1552 2260 1760 2307 Pingraeum

221 2323 407 2355 dicendum
434 2324 488 2352 est
577 2320 641 2352 649
668 2322 788 2352 euxini
815 2319 890 2356 ΕΠ,
917 2328 959 2350 ex
985 2321 1062 2350 uini
1087 2321 1158 2350 LM.
1204 2316 1331 2348 fluctus
1358 2315 1487 2347 Euxini
1513 2316 1613 2357 ponti
1640 2316 1761 2349 similis

219 2375 307 2407 facit
325 2373 450 2414 Caspia
468 2381 620 2413 aequora
709 2370 773 2402 650
791 2373 936 2408 perinde
951 2368 1033 2400 Vrb.
1054 2369 1128 2406 668,
1143 2377 1206 2407 per
1222 2371 1304 2400 inde
1322 2366 1397 2398 eod.
1413 2366 1577 2404 Venetus
1591 2377 1655 2406 per
1667 2372 1760 2400 unde

220 2428 350 2466 (undae
362 2428 385 2456 L
400 2434 445 2455 an
457 2423 495 2455 Ι..2
508 2422 695 2461 incertum)
707 2425 803 2459 GLM,
815 2431 876 2461 per
890 2420 1001 2452 undas
1013 2419 1112 2451 codd.
1128 2418 1217 2450 Flor.
1234 2421 1271 2450 et
1284 2417 1383 2450 Bodl.
1432 2427 1509 2449 raro
1526 2418 1621 2459 apud
1636 2421 1760 2461 poetas

223 2475 389 2509 aduerbio
413 2475 466 2505 usi
490 2476 573 2505 sunt
597 2472 778 2504 Lucretius
802 2481 839 2503 1v
864 2472 940 2509 262,
959 2479 981 2502 v
1007 2471 1060 2508 46,
1087 2469 1244 2502 Grattius
1268 2470 1344 2507 303,
1369 2469 1476 2501 etiam
1501 2472 1542 2501 ut
1565 2472 1652 2511 puto
1677 2470 1759 2502 Pro-

220 2529 355 2569 pertius
391 2536 419 2559 11
448 2526 491 2557 27
523 2526 543 2557 6
571 2527 607 2556 et
634 2533 672 2555 IV
698 2525 719 2555 5
750 2524 791 2555 19
881 2521 942 2554 sub
970 2522 1117 2553 medium
1138 2521 1250 2559 solem,
1275 2523 1327 2553 ἐπὶ
1354 2522 1414 2559 τὴν
1439 2523 1651 2562 μεσημβρίαν,
1683 2522 1712 2553 si
1738 2532 1759 2552 a

222 2580 309 2612 mari
335 2577 458 2619 Caspio
484 2576 699 2618 proficiscare
789 2574 850 2605 651
877 2582 960 2606 nam
985 2573 1072 2610 ΒΖΜ,
1097 2575 1169 2604 iam
1195 2575 1245 2604 GL
1333 2571 1398 2603 652
1423 2575 1522 2604 tenet
1551 2571 1759 2613 Regiomon-

222 2636 338 2668 tanus,
354 2633 478 2662 tenent
494 2628 572 2660 libri
652 2630 846 2666 praedatus
863 2629 924 2662 GL.
940 2628 1135 2664 praedatur
1152 2628 1207 2661 M;
1232 2622 1321 2655 male
1344 2623 1552 2655 scriberetur
1574 2626 1686 2655 tenens
1701 2648 1707 2654 .
1726 2648 1733 2655 .
1751 2648 1758 2655 .

217 2682 399 2724 praedatur
489 2680 552 2712 653
581 2682 679 2717 rigat
708 2677 868 2719 Scaliger,
897 2681 1002 2715 regat
1030 2679 1114 2708 ΘΒΜ
1144 2673 1219 2707 eod.
1238 2675 1403 2712 Venetus,
1426 2678 1521 2714 regit
1549 2675 1588 2707 L²
1677 2679 1761 2708 orbe

222 2733 333 2771 GLM2,
358 2737 421 2765 obe
445 2735 491 2769 Μ,
516 2740 570 2762 ore
594 2729 784 2767 Bentleius,
810 2728 904 2770 quod
929 2727 1091 2769 quamuis
1116 2726 1161 2758 ab
1184 2726 1243 2757 illo
1267 2725 1464 2768 profectum
1489 2726 1615 2757 scirent
1639 2728 1759 2758 tamen

223 2787 408 2827 propterea
440 2783 588 2824 recipere
621 2782 862 2812 sustinuerunt
889 2779 1037 2811 Iacobus
1066 2777 1255 2810 Bechertus
1281 2777 1456 2809 Breiterus
1483 2777 1761 2818 Wageningenus

222 2837 306 2878 quia
333 2834 455 2867 inutile
483 2836 573 2865 esset
602 2842 641 2864 ac
668 2832 805 2863 falsum.
854 2841 892 2862 os
920 2831 1011 2862 enim
1040 2830 1134 2862 sinus
1158 2828 1283 2861 Persici
1305 2828 1484 2870 aliquanto
1504 2827 1589 2860 illud
1618 2829 1759 2869 quidem
