1872 3183
155 139 211 179 30
743 135 804 176 M.
838 133 1091 177 MANILII

316 257 428 286 nunc
448 243 682 294 hominum,
703 258 814 286 nunc
835 244 944 286 bella
963 249 1115 300 gerunt
1134 243 1321 286 uiolenta
1340 244 1537 294 ferarum,

191 325 260 357 225
315 332 427 360 nunc
447 324 578 374 caput
597 319 640 360 in
660 323 840 360 mortem
860 318 1053 360 uendunt
1073 323 1116 360 et
1135 318 1262 360 funus
1281 318 1475 368 harenae,

317 397 448 448 atque
468 392 634 435 hostem
654 393 733 434 sibi
754 393 932 448 quisque
951 398 1089 449 parat,
1109 407 1207 434 cum
1227 392 1335 435 bella
1355 393 1590 448 quiescunt.

317 472 418 509 sunt
437 468 592 522 quibus
611 472 654 509 et
673 467 896 509 simulacra
915 467 1087 523 placent
1107 472 1150 508 et
1168 467 1293 509 ludus
1312 468 1355 508 in
1375 467 1502 509 armis

319 544 483 593 (tantus
503 556 621 583 amor
640 545 838 597 pugnae),
859 541 1112 597 discuntque
1131 556 1205 597 per
1224 542 1312 583 otia
1332 541 1489 583 bellum

317 620 361 657 et
380 616 678 671 quodcumque
698 616 789 671 pari
808 616 999 658 studium
1018 616 1265 672 producitur
1284 621 1388 658 arte.

191 697 260 729 230
370 695 431 741 at,
452 690 606 746 quibus
625 691 669 732 in
688 691 821 732 bifero
840 691 1041 733 Centauri
1059 705 1231 746 corpore
1251 705 1338 732 sors
1359 695 1423 732 est

317 764 517 806 nascendi
536 780 747 815 concessa,
768 765 872 807 libet
892 765 1142 820 subiungere
1161 780 1307 807 currus

317 839 505 881 ardentis
526 845 569 882 et
589 854 719 895 equos
738 840 794 881 ad
813 839 955 881 mollia
975 839 1126 881 ducere
1144 839 1262 881 frena

318 918 360 955 et
380 914 483 955 totis
503 920 696 956 armenta
716 915 834 969 sequi
853 914 1071 970 pascentia
1090 914 1263 969 campis,

152 1051 189 1081 et
207 1049 308 1081 Lucr.
329 1060 384 1081 an.
408 1051 489 1082 1911
511 1060 568 1092 pp.
591 1051 632 1082 36
651 1060 702 1091 sq.
724 1050 768 1082 ab
787 1050 897 1082 altera
916 1053 1015 1091 parte
1036 1050 1135 1091 Verg.
1156 1060 1269 1091 georg.
1286 1059 1323 1081 1v
1337 1051 1379 1082 53
1398 1049 1505 1081 saltus
1522 1048 1695 1088 siluasque

150 1104 342 1141 perayrant,
361 1101 447 1133 Aen.
469 1111 506 1133 1v
525 1102 567 1133 72
586 1102 696 1133 silua-s
714 1102 884 1142 saltu-sque
899 1105 1065 1142 perayrat,
1086 1102 1131 1133 ab
1150 1102 1260 1133 altera
1279 1101 1416 1133 Nemes.
1431 1111 1509 1143 cyn.
1526 1101 1568 1132 86
1587 1099 1696 1131 saltus

149 1151 295 1191 placitos
312 1152 484 1193 siluasque
502 1162 655 1192 pererras
744 1153 808 1184 224
822 1156 980 1185 uiolenta
998 1157 1154 1185 ferarum
1174 1157 1234 1190 GL,
1248 1157 1406 1185 uolentia
1419 1157 1552 1185 ferrum
1571 1155 1605 1184 M

197 1203 260 1234 225
282 1208 388 1236 funus
410 1204 510 1235 codd.
536 1204 625 1235 Flor.
651 1207 687 1235 et
710 1204 823 1241 Bodl.‚
847 1207 926 1236 finis
940 1208 1024 1236 GLM
1046 1204 1122 1235 cod.
1137 1204 1302 1236 Venetus.
1351 1204 1494 1235 harenae
1507 1203 1691 1245 genetiuus

149 1255 269 1296 potius
292 1265 400 1296 quam
423 1255 566 1287 datiuus
588 1259 653 1293 est,
677 1266 758 1287 cum
781 1257 854 1287 sine
877 1267 918 1288 eo
941 1266 1066 1298 parum
1089 1256 1326 1298 significanter
1348 1255 1394 1287 ad
1415 1255 1475 1287 illa
1498 1254 1537 1286 in
1559 1257 1695 1286 mortem

152 1305 352 1338 adiciantur
370 1310 398 1338 et
410 1306 544 1347 sanxit&
576 1308 642 1339 etsi
660 1307 810 1339 alterum
829 1307 998 1345 ordinem,
1014 1307 1158 1339 harenae
1171 1311 1273 1347 caput
1292 1308 1454 1344 uendnnt,
1470 1306 1695 1347 aliquatenus

151 1358 396 1390 commendare
414 1359 580 1391 uidentur
600 1359 701 1400 Prop.
724 1368 762 1390 IV
782 1360 802 1390 8
823 1360 910 1392 23-5
930 1360 1061 1399 nepotis
1077 1383 1084 1390 .
1104 1384 1112 1391 .
1131 1383 1138 1390 .
1157 1359 1216 1400 qui
1233 1359 1324 1391 dabit
1344 1358 1539 1390 immundae
1555 1357 1695 1389 uenalia

146 1407 224 1449 fata
241 1410 391 1450 wyinae,
411 1410 488 1442 Sen.
509 1421 562 1452 ep.
583 1412 625 1443 37
645 1412 664 1442 2
683 1411 743 1451 qui
759 1420 884 1443 manus
897 1411 1040 1443 harenae
1059 1411 1168 1442 locant
1187 1414 1215 1442 et
1233 1411 1334 1443 edunt
1347 1420 1386 1441 ac
1399 1409 1515 1442 bibunt
1533 1419 1617 1450 quae
1632 1418 1696 1448 per

150 1461 352 1501 sanquinffln
372 1463 521 1500 reddant,
541 1462 621 1494 Tac.
645 1473 725 1494 ann.
744 1471 808 1494 xrv
831 1464 871 1494 14
893 1464 913 1494 6
935 1463 1057 1503 (Nero)
1079 1463 1203 1503 equites
1223 1462 1393 1494 Romanos
1409 1472 1528 1501 operas
1549 1461 1694 1493 harenae

147 1513 341 1552 promittere
357 1514 484 1553 submit
501 1514 600 1546 donis
613 1513 814 1555 inqentibus.
863 1515 1033 1546 Firmicus
1050 1523 1119 1545 VIII
1140 1515 1179 1546 12
1198 1515 1217 1545 2
1235 1524 1306 1546 non
1320 1514 1462 1555 Scorpio
1477 1512 1538 1545 sed
1555 1512 1694 1554 Sagitta

149 1564 246 1596 nasci
264 1564 350 1596 dicit
368 1566 449 1597 tales
467 1566 527 1605 qui
543 1576 577 1597 se
595 1565 633 1597 ob
650 1566 785 1597 alienae
801 1567 928 1606 qratiae
941 1566 1148 1598 uoluntatem
1161 1565 1350 1597 nundinati
1366 1564 1549 1606 sanquinis
1561 1565 1693 1596 iactura

149 1616 196 1647 ad
228 1617 346 1648 mortis
384 1617 614 1656 spectaculum
650 1618 800 1649 uendant
912 1618 975 1649 227
999 1618 1100 1659 Verg.
1136 1618 1221 1649 Aen.
1245 1626 1268 1649 v
1288 1619 1353 1649 585
1371 1627 1570 1658 paqnaeque
1602 1616 1690 1647 cient

149 1668 360 1700 simulacra
387 1669 449 1700 sub
486 1669 614 1707 armis,
645 1669 767 1701 Claud.
808 1678 846 1700 iv
888 1679 981 1701 cons.
1022 1669 1114 1700 Hon.
1147 1670 1212 1701 539
1246 1668 1521 1709 simulacraque
1559 1667 1693 1699 Martia

149 1719 252 1751 ludis
342 1720 405 1751 228
435 1730 575 1759 pugnae
605 1724 641 1758 G,
670 1730 791 1758 pugna
821 1725 875 1752 est
908 1724 978 1757 LM,
1005 1730 1145 1758 pugnae
1168 1724 1223 1752 est
1252 1719 1302 1752 L2.
1348 1720 1516 1751 omissum
1542 1719 1691 1750 uerbum

148 1772 272 1801 tuetur
294 1770 473 1803 Bentleius
495 1771 623 1803 adlatis
646 1771 745 1813 Verg.
769 1781 883 1812 georg.
903 1780 932 1803 11
950 1772 1012 1804 301
1037 1774 1152 1803 tantus
1173 1781 1267 1802 amor
1288 1774 1402 1808 terrae,
1426 1779 1470 1802 111
1494 1771 1556 1801 112
1579 1773 1693 1802 tantus

150 1831 245 1853 amor
262 1822 414 1860 laudum,
434 1831 472 1854 1v
491 1824 555 1854 205
575 1825 688 1854 tantus
706 1833 800 1854 amor
811 1823 938 1864 florum
1028 1823 1092 1854 229
1111 1823 1268 1854 studium
1279 1826 1355 1854 arte
1373 1822 1586 1864 productum
1606 1821 1693 1852 mihi

149 1883 221 1905 non
241 1874 356 1905 minus
375 1874 562 1906 obscurum
581 1878 635 1906 est
654 1885 762 1916 quam
781 1874 851 1906 fuit
871 1875 1053 1912 Bentleio;
1085 1885 1168 1906 nam
1186 1885 1229 1906 ne
1249 1874 1293 1906 ad
1311 1877 1398 1906 artes
1417 1873 1559 1915 quidem
1573 1872 1692 1905 studia

148 1925 393 1966 producuntur
417 1937 450 1957 u.
478 1927 555 1963 526,
582 1926 642 1957 sed
668 1926 835 1958 homines.
884 1926 932 1958 illi
952 1927 1066 1958 uersui
1096 1927 1299 1957 conueniret
1331 1926 1558 1966 quodcumque
1580 1925 1693 1964 paris

148 1977 301 2008 studium
322 1977 501 2017 producit
525 1977 712 2018 (homines)
738 1978 780 2008 in
804 1981 925 2009 artes:
952 1978 1038 2009 disci
1055 1977 1173 2009 studia
1198 1977 1283 2008 dicit
1309 1977 1545 2016 Quintilianus
1569 1977 1650 2008 inst.
1679 1985 1693 2008 Ι

147 2037 301 2069 prooem.
327 2029 347 2059 4
437 2029 589 2060 230—242
612 2029 822 2070 Sagittarius
844 2039 887 2060 ex
911 2029 1051 2060 homine
1073 2032 1109 2060 et
1132 2039 1221 2070 equo
1246 2029 1378 2060 mixtus
1400 2028 1558 2060 homines
1580 2028 1692 2069 gignit

147 2078 268 2111 bestiis
295 2080 519 2121 imperantes,
548 2080 697 2122 aurigas,
726 2080 966 2117 armentarios,
994 2080 1147 2111 ferarum
1175 2080 1388 2117 domitores;
1427 2079 1521 2111 idem
1548 2081 1693 2120 propter

146 2140 267 2162 arcum
283 2132 521 2173 sagittamque
537 2141 714 2169 neruosos,
731 2135 865 2169 acutos,
883 2132 999 2173 agiles.
1047 2131 1212 2164 C.C.A.G.
1232 2140 1285 2162 vn
1301 2142 1334 2172 p.
1355 2132 1419 2163 208
1434 2132 1453 2163 3
1471 2141 1522 2172 sq.
1540 2132 1694 2163 ἀποτελεῖ

144 2207 152 2214 .
174 2207 182 2214 .
202 2208 210 2215 .
228 2186 346 2224 ταχεῖα·
435 2184 499 2214 230
520 2187 631 2215 bifero
652 2187 702 2215 GL
726 2187 761 2213 et
786 2193 872 2215 corr.
899 2193 943 2214 ex
967 2187 1079 2215 biforo
1101 2187 1144 2214 M.
1192 2182 1318 2223 biferas
1343 2182 1569 2219 adiectiuum,
1595 2180 1691 2223 quod

147 2233 200 2266 bis
223 2234 319 2275 apud
340 2234 434 2266 hunc
455 2237 599 2276 poetam
620 2245 734 2276 neque
756 2238 938 2276 praetcrea
959 2245 1109 2276 usquam
1131 2235 1313 2276 reperitur,
1336 2234 1526 2265 rectissime
1548 2233 1693 2275 ponitur

147 2293 171 2316 v
190 2287 230 2316 15
247 2285 390 2326 biserum
407 2285 518 2323 Cetus,
535 2286 686 2326 squamis
701 2289 799 2326 atque
814 2296 868 2317 ore
883 2286 1060 2322 tremendo,
1078 2286 1182 2318 Cetus
1198 2286 1290 2317 enim
1307 2285 1457 2316 caudam
1473 2287 1509 2316 et
1525 2294 1691 2325 squamas

145 2338 249 2378 piscis
263 2337 382 2374 habet,
397 2348 434 2368 os
447 2341 483 2368 et
497 2341 603 2378 caput
617 2340 723 2378 atque
738 2337 825 2368 adeo
838 2338 968 2378 priores
982 2337 1087 2378 pedes
1101 2338 1272 2368 terrestris
1286 2336 1446 2367 animalis
1460 2348 1468 2373 3
1496 2335 1694 2367 Centaurus

146 2400 230 2421 uero
251 2399 332 2420 cum
352 2399 423 2420 non
445 2399 488 2420 ex
509 2389 646 2420 duabus
666 2388 748 2420 feris
769 2388 829 2420 sed
851 2399 894 2420 ex
915 2399 1005 2430 equo
1027 2392 1062 2420 et
1084 2389 1223 2420 homine
1244 2389 1290 2419 sit
1311 2388 1537 2429 compositus,
1560 2387 1691 2419 biferus

145 2451 217 2472 non
237 2444 291 2472 est
311 2450 433 2472 uerum
453 2440 633 2471 semiferus
654 2441 726 2471 siue
748 2439 921 2472 Ouidiano
943 2450 1037 2471 more
1057 2440 1233 2481 loquimur
1251 2439 1412 2476 semifer3
1445 2438 1577 2470 frustra
1596 2439 1690 2470 enim

146 2491 297 2524 Iacobus
314 2492 465 2523 contulit
483 2491 579 2522 Erat.
599 2494 724 2522 catast.
745 2492 787 2522 28
806 2494 884 2531 ἀνὴρ
907 2496 948 2523 ὢν
967 2494 1065 2529 σκέλη
1092 2494 1156 2531 ἔχει
1175 2495 1274 2522 ἵππου
1298 2494 1349 2522 καὶ
1371 2492 1479 2531 κέρκον
1498 2492 1643 2531 καθάπερ
1661 2492 1689 2522 οἱ

149 2545 294 2584 Σάτυροι,
318 2543 419 2585 quasi
441 2542 559 2584 Satyri
583 2542 676 2574 ferae
702 2544 781 2574 sint.
834 2542 894 2574 sed
920 2545 960 2574 ut
980 2542 1045 2574 hoc
1069 2543 1144 2573 loco
1166 2542 1328 2573 Manilius
1347 2541 1495 2573 biferum
1513 2541 1604 2574 dixit
1628 2542 1689 2582 qui

146 2595 327 2626 semiferus
344 2597 409 2632 est,
428 2595 479 2625 ita
497 2594 614 2626 Cicero
633 2594 729 2625 Arat.
751 2595 794 2625 59
812 2594 1072 2635 Capricornum,
1091 2604 1236 2634 caprum
1250 2593 1400 2624 eundem
1418 2597 1454 2624 et
1472 2593 1612 2634 piscem,
1627 2594 1689 2634 qui

146 2649 239 2677 recte
254 2645 384 2677 biferus
398 2645 466 2676 dici
480 2646 609 2686 potuit,
625 2644 823 2676 semiferum
836 2644 1039 2686 appellauit,
1051 2654 1184 2683 corpore
1195 2643 1348 2685 semifero
1365 2668 1371 2675 .
1392 2668 1398 2675 .
1419 2668 1426 2675 .
1447 2643 1685 2683 Capricornus

145 2709 216 2730 non
240 2700 360 2740 ignoro
386 2698 600 2740 Babylonias
624 2698 886 2740 Aegyptiasque
904 2698 1084 2739 Sagittarii
1108 2699 1276 2739 imagines
1297 2697 1428 2738 duplici
1451 2700 1487 2728 et
1511 2697 1626 2738 capite
1651 2700 1687 2728 et

145 2749 259 2781 cauda
284 2751 485 2787 instructas,
512 2749 572 2781 sed
598 2760 658 2781 eae
685 2749 730 2781 ad
756 2750 937 2781 Manilium
963 2749 1049 2780 nihil
1074 2750 1251 2790 pertinent
1336 2749 1397 2780 231
1424 2757 1553 2785 currus,
1579 2758 1687 2789 equos

144 2801 286 2842 iugales,
306 2804 347 2833 ut
366 2802 466 2842 Verg.
488 2801 571 2832 Aen.
594 2810 647 2832 vn
669 2802 730 2833 163
750 2801 975 2841 domitantque
993 2801 1031 2832 in
1047 2801 1187 2840 puluere
1203 2810 1332 2837 currus,
1352 2800 1413 2831 ubi
1432 2799 1570 2831 Seruius
1590 2809 1690 2840 equos

146 2852 206 2885 sub
222 2852 385 2890 curribus,
404 2856 510 2894 atque
528 2853 578 2884 ita
591 2852 713 2884 Graeci
730 2855 856 2893 ἅρματα
870 2854 997 2892 τρέφειν
1011 2852 1214 2893 similiaque.
1264 2852 1364 2883 aliter
1382 2850 1550 2892 Vergilius
1568 2850 1643 2882 buc.
1665 2861 1688 2882 v
