1872 3183
596 86 1077 131 ASTRONOMICON
1109 88 1175 130 IV
1567 90 1645 129 121

276 198 575 254 dispensatque
594 199 808 241 hominem
828 201 843 240 2
892 199 996 254 quid
1015 199 1182 249 mirum,
1203 213 1372 240 noscere
1391 197 1600 239 mundum

276 273 310 313 si
328 278 507 328 possunt
525 273 730 323 homines,
751 273 905 328 quibus
925 278 990 314 est
1009 278 1053 314 et
1071 273 1255 314 mundus
1274 273 1317 313 in
1336 272 1437 328 ipsis

149 353 219 384 895
274 347 597 402 exemplumque
617 347 684 389 dei
704 347 882 402 quisque
901 352 966 388 est
984 347 1028 388 in
1047 346 1228 402 imagine
1247 361 1380 402 parua
1401 348 1415 388 2

274 434 329 461 an
348 421 546 476 cuiquam
565 421 741 476 genitos,
762 421 842 462 nisi
861 421 990 471 caelo,
1011 421 1177 462 eredere
1196 421 1260 462 fas
1281 426 1345 462 est

110 578 229 612 Galen.
250 579 292 612 de
308 580 414 622 Hipp.
435 583 471 612 et
487 580 576 612 Plat.
596 580 709 622 dogm.
729 580 868 612 Kuehn.
889 581 978 613 med.
998 580 1046 613 Gr
1075 590 1098 613 v
1116 591 1148 623 p.
1168 581 1233 614 283
1259 583 1311 613 καὶ
1336 582 1436 613 αὐτὸσ
1462 579 1649 621 (Diogenes

113 631 340 673 Babylonius)
358 634 649 670 ἑπιλανθανόμενοσ
666 635 728 664 τῶν
749 634 869 664 οἰκείων
887 634 1055 670 δογμάτων
1077 634 1154 671 αἷμά
1170 638 1269 672 φησιν
1291 635 1371 664 εἶναι
1386 634 1444 671 τὴν
1463 633 1583 672 ψυχὴν,
1604 633 1650 662 ὠσ

107 682 334 722 Ἐμπεδοκλῆα
360 684 429 725 (ap.
457 682 554 715 Stob.
581 683 642 715 ecl.
661 692 674 715 1
699 684 742 716 49
758 684 811 722 53,
828 683 883 715 ed.
911 683 1083 716 Wachsm.
1102 693 1115 715 1
1140 694 1172 725 p.
1191 685 1267 722 424,
1283 683 1368 725 frag.
1398 684 1461 715 105
1486 684 1506 715 3
1532 681 1651 719 Diels„

112 735 190 772 αἷμα
214 735 277 775 ’γὰρ
302 736 485 775 ἀνθρώποισ
510 736 710 775 περικάρδιόν
737 738 806 766 ἐστι
831 736 947 775 νόημα)
972 737 1023 766 καὶ
1049 737 1186 775 Κριτίασ
1203 736 1307 775 (teste
1327 734 1512 766 Aristotele
1532 734 1574 765 de
1595 743 1651 765 an.

112 795 143 826 p.
157 785 239 818 405b
257 786 336 826 5—8)
352 787 524 827 ὑπέλαβον.
573 788 601 817 εἰ
615 788 648 817 δέ
662 798 700 826 ’γε
715 787 822 818 ἕποιτο
838 787 996 818 Κλεάνθει
1010 788 1061 817 καὶ
1075 788 1255 827 Χρυσίππῳ
1269 788 1320 818 καὶ
1333 788 1461 825 Ζήνωνι,
1478 786 1654 826 τρέφεσθαι

112 838 168 875 μὲν
194 839 228 876 ἐξ
252 839 390 875 αἵματοσ
415 839 527 877 φήσασ
551 839 609 876 τὴν
636 839 756 878 ψυχὴν,
783 839 890 869 οὐσίαν
917 837 943 868 δ’
968 840 1069 876 αὐτῆσ
1098 839 1253 878 ὑπάρχειν
1278 839 1315 869 τὸ
1342 840 1478 877 πνεῦμα,
1506 839 1578 868 πῶσ
1607 839 1654 868 ἔτι

112 889 229 920 ταύτὸν
245 890 335 920 ἕσται
351 890 388 920 τὸ
409 890 525 929 τρέφον
548 901 583 920 τε
599 891 650 920 καὶ
676 891 790 927 κινοῦν,
820 891 908 929 εἴπερ
929 891 1037 929 τρέφει
1059 891 1115 927 μὲν
1132 890 1169 921 τὸ
1194 891 1283 927 αἷμα,
1303 891 1381 920 κινεῖ
1397 891 1431 920 δὲ
1447 890 1484 920 τὸ
1506 890 1654 927 mevam

113 939 212 971 Luer.
236 948 279 971 111
300 940 343 972 43
365 940 500 972 animae
520 943 677 972 naturam
698 940 877 980 sanquinis
899 951 976 978 esse,
1000 940 1094 972 Seru.
1120 940 1204 972 Aen.
1229 949 1252 971 v
1275 942 1317 972 79
1339 940 1518 981 sanquinis
1533 963 1542 972 .
1561 963 1569 971 .
1587 963 1596 971 .
1616 940 1655 971 in

112 1001 175 1032 quo
197 994 243 1023 est
264 991 354 1023 sedes
376 992 519 1029 animae,
544 1000 583 1022 IX
605 992 670 1024 346
693 1001 745 1023 eos
766 991 825 1032 qui
847 991 999 1023 animam
1021 992 1218 1032 sanquinem
1243 991 1358 1024 dicunt
1447 991 1572 1028 animo,
1596 991 1656 1031 qui

111 1045 230 1074 cuncta
255 1042 423 1083 qubernat,
451 1042 666 1084 significatur
700 1045 737 1074 τὸ
769 1044 963 1083 ὴγημονικὸν
998 1042 1205 1080 Stoicorum,
1234 1043 1333 1084 Diog.
1365 1042 1480 1074 Laert.
1507 1051 1560 1073 VII
1592 1043 1655 1074 159

113 1095 306 1133 ὴὙημονικὸν
323 1094 350 1125 δ’
368 1096 445 1125 εἶναι
467 1096 505 1126 τὸ
521 1096 711 1135 κυριώτατον
726 1096 788 1133 τῆσ
806 1096 917 1135 ψυχῆσ
929 1118 938 1126 .
954 1117 962 1126 .
978 1117 986 1126 .
1003 1096 1081 1135 ὅπερ
1098 1096 1176 1125 εἶναι
1194 1096 1225 1125 ἐν
1248 1095 1359 1134 καρδίᾳ
1378 1094 1484 1134 (Man.
1503 1102 1541 1125 IV
1563 1094 1655 1133 929),

112 1145 215 1186 quale
233 1146 340 1177 etiam
359 1145 529 1177 mundum
548 1145 738 1187 gubernare
757 1145 934 1183 uolebant,
954 1145 1037 1177 ibid.
1061 1146 1123 1178 139
1138 1147 1192 1177 τὸν
1219 1148 1292 1177 ὁλον
1319 1147 1449 1184 κόσμον,
1477 1145 1554 1186 ζῷον
1580 1146 1656 1176 ὄντα

114 1198 167 1227 καὶ
184 1199 330 1237 ἔμψυχον
346 1199 398 1228 καὶ
413 1199 555 1237 λογικὸν,
577 1199 661 1237 ἔχειν
679 1198 871 1237 ὴὙημονικὸν
888 1199 944 1235 μὲν
967 1199 1022 1228 τὸν
1045 1199 1165 1238 αἰθέρα,
1184 1199 1267 1228 καθά.
1289 1202 1388 1236 φησιν
1410 1197 1625 1237 Ἀντὶπατροσ
1641 1196 1657 1227 ὀ

114 1250 238 1288 Τύριοσ,
253 1271 262 1280 .
277 1271 286 1279 .
302 1271 310 1279 .
328 1249 344 1280 ὀ
373 1250 481 1286 μέντοι
507 1250 700 1289 Χρύσιπποσ
714 1272 721 1279 .
738 1272 745 1280 .
762 1271 770 1279 .
786 1250 823 1280 τὸ
851 1250 1068 1289 καθαρώτερον
1097 1251 1154 1280 τοῦ
1181 1251 1309 1289 αἰθέροσ
1398 1248 1462 1279 894
1486 1251 1566 1290 post
1595 1246 1657 1278 895

113 1299 297 1331 eollocauit
317 1302 342 1331 G
431 1302 468 1331 in
487 1303 521 1337 L,
543 1309 610 1331 om.
632 1303 692 1331 GM
782 1300 844 1331 uit.
873 1299 1021 1342 Pythag.
1040 1301 1076 1331 in
1101 1299 1202 1332 Phot.
1222 1300 1304 1332 bibl.
1324 1299 1432 1333 Bekk.
1460 1310 1493 1341 p.
1512 1300 1593 1332 4402
1614 1299 1656 1331 33

115 1351 130 1382 ὁ
156 1352 326 1392 ἄνθρωποσ
350 1352 463 1391 μικρὸσ
488 1353 610 1389 κόσμοσ
632 1353 774 1391 λέγεται,
794 1351 898 1383 Solin.
920 1352 935 1383 1
955 1353 999 1384 94
1020 1351 1156 1393 physici
1181 1351 1348 1383 hominem
1373 1352 1535 1383 minorem
1559 1361 1656 1383 mun-

113 1402 194 1434 dum
218 1402 466 1440 indicauerunt,
489 1402 571 1434 Isid.
596 1406 670 1434 nat.
695 1413 758 1434 rer.
779 1403 800 1435 9
820 1401 939 1435 Graece
961 1403 1108 1435 mundus
1133 1404 1266 1442 κὸσμοσ,
1291 1403 1385 1434 homo
1410 1406 1520 1434 autem
1544 1403 1657 1442 μικρὸσ

115 1455 248 1493 κόσμου’,
268 1453 304 1486 id
323 1456 369 1486 est
387 1453 498 1485 minor
516 1454 674 1492 mundus,
695 1457 743 1485 est
761 1453 962 1495 appellatus,
982 1454 1092 1486 Procl.
1114 1455 1150 1486 in
1179 1454 1266 1486 Tim.
1286 1455 1377 1487 348A
1400 1456 1447 1485 δεῖ
1471 1456 1504 1485 δέ
1531 1455 1577 1485 ὡσ
1601 1455 1657 1485 τὸν

112 1507 188 1537 ὅλον
216 1507 345 1544 κόσμον,
377 1508 458 1537 οὕτω
489 1508 542 1537 καὶ
566 1507 620 1537 τὸν
647 1507 813 1546 ἄνθρωπον
839 1507 1074 1546 ἐπισκέψασθαι
1099 1507 1243 1546 τελείωσ,
1269 1507 1348 1537 διότι
1366 1507 1479 1546 μικρόσ
1507 1507 1575 1536 ἐστι
1607 1506 1659 1536 καὶ

113 1558 209 1588 οὖτοσ
234 1558 366 1595 κόσμοσ,
396 1559 463 1596 ἔχει
487 1558 550 1597 ’γὰρ
575 1558 627 1588 καὶ
653 1559 724 1589 νοῦν
749 1558 803 1588 καὶ
827 1558 925 1597 λόγον
954 1560 1006 1588 καὶ
1032 1559 1114 1588 θεῖον
1140 1559 1232 1595 σῶμα
1258 1559 1310 1588 καὶ
1336 1559 1462 1595 θνητὸν,
1490 1558 1596 1597 ὥσπερ
1621 1558 1658 1588 τὸ

114 1610 190 1646 πᾶν,
225 1610 277 1639 καὶ
308 1608 456 1648 διῄρηται
490 1609 550 1639 ἀνὰ
575 1609 673 1648 λόγον
700 1607 745 1648 τῷ
769 1610 884 1640 muri:
928 1608 1016 1640 adde
1038 1618 1128 1650 quae
1151 1608 1344 1641 Lobeckius
1365 1609 1440 1650 Agl.
1470 1619 1502 1650 p.
1528 1609 1590 1640 921
1614 1618 1657 1639 ex

114 1659 245 1692 Galeno
262 1659 406 1691 Philone
419 1659 612 1701 Porphyrio
626 1659 802 1691 Macrobio
817 1659 941 1692 Cosma
955 1660 1079 1691 adfert.
1126 1660 1154 1691 F
1155 1660 1232 1692 irm.
1249 1668 1292 1691 m
1305 1670 1456 1701 prooem.
1473 1661 1493 1691 2
1507 1669 1557 1701 sq.
1574 1660 1658 1692 scire

113 1721 174 1742 nos
195 1713 318 1752 oportet
339 1711 425 1752 quod
446 1711 490 1742 ad
514 1711 718 1751 imaqinem
744 1711 948 1752 speciemque
973 1711 1106 1743 mundi
1121 1711 1269 1753 formam
1290 1711 1437 1743 hominis
1465 1721 1504 1742 ac
1535 1714 1658 1743 statum

112 1765 274 1803 totamque
297 1761 519 1794 substantiam
542 1763 622 1794 deus
646 1763 702 1794 ille
719 1762 902 1803 fabricator
926 1763 1072 1794 hominis
1095 1766 1218 1795 natura
1237 1765 1439 1795 monstrante
1457 1762 1629 1804 perfecerit
1644 1772 1657 1799 ,·

112 1824 194 1845 nam
212 1823 332 1854 corpus
350 1813 497 1845 hominis
515 1816 551 1845 ut
572 1813 690 1845 mundi
713 1824 751 1845 ex
772 1816 925 1854 quattuor
950 1813 1181 1846 elementorum
1201 1813 1434 1846 commixtione
1457 1813 1655 1854 composuit,

114 1865 218 1905 iqnis
235 1865 359 1896 scilicet
377 1868 405 1897 et
421 1875 552 1906 aquae,
570 1865 673 1896 aeris
691 1867 720 1897 et
735 1868 866 1903 terrae,
884 1868 921 1896 ut
939 1865 1091 1897 omnium
1108 1865 1247 1897 istorum
1271 1865 1460 1898 coniunctio
1477 1868 1658 1906 temperata

112 1916 244 1948 animal
273 1916 321 1948 ad
345 1915 510 1957 formam
541 1916 701 1949 diuinae
733 1917 968 1948 imitationis
1007 1920 1148 1955 ornaret,
1181 1919 1209 1949 et
1240 1917 1288 1949 ita
1318 1916 1484 1949 hominem
1514 1916 1657 1958 artificio

114 1967 253 2000 diuinae
275 1967 512 2008 fabricationis
544 1968 739 2008 composuit,
768 1971 805 1999 ut
838 1968 880 2000 in
917 1978 1041 2009 paruo
1078 1978 1233 2009 corpore
1264 1978 1393 2000 omnem
1426 1968 1656 2000 elementorum

113 2019 187 2051 uim
211 2022 307 2060 atque
331 2018 553 2051 substantiam
577 2022 701 2051 natura
725 2022 853 2059 coqente
877 2019 1044 2061 conferret,
1070 2022 1107 2051 ut
1131 2019 1250 2051 diuino
1275 2019 1329 2051 illi
1353 2019 1503 2060 spiritui,
1529 2020 1588 2060 qui
1612 2020 1657 2051 ad

113 2070 384 2102 sustentationem
400 2070 552 2102 mortalis
568 2070 715 2111 corporis
733 2081 771 2103 ex
788 2070 918 2102 caelesti
934 2073 1039 2102 mente
1056 2070 1230 2108 descendit,
1249 2070 1323 2102 licet
1333 2070 1456 2111 fraqile
1473 2070 1529 2102 sed
1546 2074 1656 2102 tamen

114 2121 224 2154 simile
256 2121 380 2154 mundo
410 2124 546 2162 pararet
579 2121 773 2162 hospitium.
821 2121 881 2153 hac
914 2132 952 2153 ex
984 2131 1088 2153 causa
1120 2121 1307 2153 hominem
1339 2121 1438 2162 quasi
1470 2121 1655 2153 minorem

112 2172 278 2214 quendam
295 2172 478 2204 mundum
497 2171 608 2204 stellae
626 2173 782 2212 quinque,
800 2172 852 2203 sol
870 2172 969 2204 etiam
989 2175 1017 2204 et
1034 2172 1118 2204 luna
1136 2173 1244 2213 iqnita
1269 2182 1307 2204 ac
1326 2172 1527 2213 sempiterna
1550 2172 1654 2212 aqita-

109 2224 201 2256 tione
224 2226 419 2262 sustentant,
443 2227 480 2255 ut
503 2223 644 2262 animal,
668 2224 754 2264 quod
777 2224 825 2256 ad
848 2224 1104 2256 imitationem
1136 2224 1269 2256 mundi
1295 2223 1443 2265 factum
1467 2227 1522 2262 est,
1547 2224 1658 2256 simili

114 2275 308 2307 diuinitatis
344 2274 532 2307 substantia
565 2274 791 2315 qubernetur
881 2274 1033 2306 896-910
1070 2275 1202 2317 ingenti
1241 2275 1406 2307 similium
1439 2274 1593 2307 locorum
1634 2285 1655 2307 a

114 2326 258 2368 Mayoro
272 2326 316 2358 ad
329 2325 407 2358 qu.
421 2335 471 2357 xv
486 2327 548 2358 147
562 2329 805 2367 congestorum
822 2335 966 2357 numero
983 2325 1127 2357 accedat
1140 2325 1244 2357 Firm.
1256 2334 1325 2357 vm
1341 2327 1355 2357 1
1370 2326 1389 2358 3
1403 2335 1453 2367 sq.
1465 2325 1554 2358 nihil
1564 2326 1654 2358 enim

114 2376 266 2409 debemus
279 2377 418 2417 coqitare
435 2380 611 2415 terrenum,
622 2377 818 2418 praesertim
833 2386 908 2409 cum
925 2376 1071 2408 sciamus
1082 2376 1314 2418 fabricatorem
1332 2379 1480 2409 nostrum
1493 2377 1591 2409 deum
1606 2377 1655 2408 tta

114 2438 176 2460 nos
191 2428 305 2460 diuini
320 2428 457 2469 artificii
476 2428 696 2460 moderatione
709 2427 840 2469 secisse,
857 2431 893 2459 ut
907 2427 986 2459 recti
1002 2427 1150 2468 corporis
1160 2427 1275 2469 forma
1289 2427 1329 2459 ab
1344 2428 1438 2460 omni
1453 2428 1654 2460 humilitatis

114 2479 291 2512 deiectione
307 2479 452 2520 seposita
468 2479 556 2511 nihil
574 2479 670 2511 aliud
686 2479 838 2520 primum
852 2478 1021 2520 patefacta
1041 2479 1211 2511 oculorum
1233 2479 1303 2511 acie
1322 2479 1393 2511 nist
1413 2479 1515 2512 solem
1533 2479 1652 2512 lunam

114 2530 225 2562 stellas
253 2533 281 2562 et
308 2529 425 2562 horum
451 2530 603 2563 omnium
627 2530 890 2571 pulcherrimum
918 2533 1013 2571 atque
1040 2530 1214 2562 inmortale
1241 2530 1459 2569 domicilium,
1488 2531 1653 2563 mundum

115 2581 249 2620 scilicet,
272 2581 471 2613 uideremus.
519 2584 640 2612 ceteras
663 2581 752 2613 enim
774 2581 963 2613 animantes
986 2581 1035 2612 ita
1056 2584 1179 2613 natura
1201 2581 1385 2622 conposuit,
1409 2584 1445 2613 ut
1468 2581 1511 2613 ad
1533 2584 1653 2614 terram

115 2633 280 2665 demersae
295 2635 324 2664 et
338 2632 463 2664 caduca
476 2632 621 2673 quadam
636 2632 823 2665 humilitate
834 2633 998 2674 proiectae
1014 2635 1042 2664 et
1056 2633 1170 2664 animo
1186 2635 1214 2664 et
1228 2642 1360 2673 corpore
1375 2633 1511 2665 terrenis
1526 2643 1654 2674 semper

113 2683 422 2716 conuersationibus
453 2683 665 2716 adhaererent
754 2683 816 2715 896
849 2693 896 2715 an
928 2683 1002 2715 cod.
1039 2683 1137 2716 Bodl.
1172 2683 1309 2725 aliique,
1351 2688 1416 2716 aut
1459 2687 1542 2716 (ΗΜ
1575 2684 1652 2716 cod.

114 2735 279 2773 Venetus,
307 2737 348 2766 ut
375 2743 413 2766 Ν
441 2735 483 2766 23
511 2738 536 2766 G
625 2734 794 2775 cuiquam,
824 2744 845 2766 a
872 2744 1072 2776 quoquam:
1116 2734 1192 2767 Sen.
1229 2734 1317 2767 Η.Ο.
1348 2735 1412 2768 850
1439 2735 1510 2767 nisi
1531 2735 1656 2776 fuisset

112 2786 247 2827 ,qenitus
263 2785 397 2818 Alcides
414 2785 484 2818 tibi.
533 2785 739 2824 ablatiuum,
757 2785 816 2827 qui
833 2795 931 2818 casus
948 2785 1059 2818 multo
1076 2786 1184 2828 magis
1201 2786 1351 2818 usitatus
1367 2789 1420 2818 est
1436 2785 1653 2829 habeturque
