1872 3183
569 155 1055 201 ASTRONOMICON
1086 155 1152 196 IV
1599 154 1622 192 7

256 267 383 321 quod,
404 265 549 309 consul
567 266 736 315 totiens,
759 265 867 314 exul,
889 264 1003 319 quod
1023 264 1069 306 de
1089 262 1209 304 exule
1228 261 1373 304 consul

257 341 443 383 adiacuit
461 340 629 394 Libycis
648 354 819 395 compar
839 339 1002 381 iactura
1022 337 1153 379 ruinis

97 494 207 526 uictus
224 495 283 535 (ab
301 494 441 535 Amore)
460 495 498 526 in
515 495 727 526 Andromeda
741 497 793 525 est.
843 494 902 534 qui
916 492 1052 525 Cimber
1064 492 1234 523 diceretur
1247 490 1422 532 perspexit
1436 488 1628 521 Bechertus

96 545 133 575 in
144 545 257 577 Fleck.
273 546 385 577 annal.
401 546 468 577 1101.
490 546 552 577 119
565 556 597 587 p.
612 546 686 577 800.
735 545 809 577 Val.
825 545 916 575 Max.
933 553 960 575 11
977 545 1017 576 10
1029 544 1048 575 6
1061 543 1096 575 C.
1112 542 1211 574 etiam
1224 541 1265 572 M
1268 541 1362 572 arius
1374 541 1412 572 in
1420 538 1628 581 profundum

97 595 293 628 ultimarum
305 597 516 629 miseriarum
527 597 670 628 abiectus
684 606 720 628 ex
731 596 805 637 ipso
816 596 906 627 uitae
918 595 1110 627 discrimine
1121 593 1273 635 beneficio
1284 591 1466 624 maiestatis
1478 590 1607 622 emersit
1619 597 1631 624 ;

99 648 223 679 missus
248 648 336 679 enim
361 648 405 680 ad
429 658 504 679 eum
528 648 740 679 occidendum
765 647 803 678 in
825 647 966 687 priuata
1000 646 1093 677 domo
1120 644 1312 676 Minturnis
1336 643 1488 674 clausum
1512 650 1630 672 seruus

98 699 254 739 publicus
269 700 403 731 natione
420 699 549 732 Cimber
566 703 593 731 et
609 710 716 731 senem
735 702 763 730 et
779 699 936 730 inermem
953 701 980 728 et
996 697 1145 738 squalore
1160 696 1302 728 obsitum
1317 695 1466 726 strictum
1481 693 1631 733 qladium

99 754 212 782 tenens
228 751 362 791 adyredi
378 761 445 782 non
461 751 622 782 sustinuit
640 753 667 782 et
684 750 832 781 claritate
848 749 918 780 uiri
935 749 1123 779 obcaecatus
1140 747 1261 779 abiecto
1272 746 1362 788 ferro
1378 745 1538 777 attonitus
1554 743 1632 775 inde

99 811 138 832 ac
170 804 309 833 tremens
335 801 434 843 fuyit.
484 801 652 834 Cimbrica
683 801 847 832 nimirum
878 799 1053 831 calamitas
1085 799 1195 830 oculos
1228 796 1374 829 hominis
1404 794 1632 836 praestrinxit,

99 852 308 894 deuictaeque
335 854 440 893 qentis
467 863 547 884 suae
574 853 728 884 interitus
765 852 919 883 animum
946 850 1153 887 comminuit,
1183 849 1282 880 etiam
1310 846 1363 880 dis'
1390 845 1634 879 immortalibus

101 904 280 944 indiqnum
296 905 378 935 ratis
395 904 434 935 ab
451 915 519 936 uno
536 904 608 936 eius
624 903 774 935 nationis
790 902 931 943 interfici
949 901 1114 938 Marium,
1132 911 1232 941 quam
1248 903 1348 931 totam
1364 899 1536 935 deleuerat,
1555 897 1633 930 Sen.

101 958 211 987 contr.
231 964 285 987 VII
301 957 321 986 2
340 956 360 987 6
378 955 630 987 Minturnensis
645 955 747 996 palus
765 954 890 986 exulem
908 953 948 984 M
952 953 1063 984 arium
1081 963 1148 983 non
1165 952 1277 983 hausit
1292 961 1303 987 ;
1334 950 1464 983 Cimber
1482 949 1582 980 etiam
1598 948 1637 979 in

102 1016 227 1038 carcere
244 1007 331 1039 uidit
347 1007 575 1048 imperantem,
594 1007 678 1038 Vell.
698 1015 726 1038 11
746 1007 786 1037 19
803 1007 824 1038 3
841 1005 885 1037 ad
900 1014 996 1045 quem
1013 1003 1277 1044 interficiendum
1295 1002 1418 1033 missus
1434 1011 1509 1032 eum
1526 999 1636 1040 qladio

102 1071 220 1092 seruus
231 1060 388 1102 publicus
403 1061 537 1093 natione
553 1061 748 1098 Germanus,
764 1059 822 1100 qui
831 1059 916 1101 forte
931 1058 971 1089 ab
986 1058 1182 1099 imperatore
1197 1067 1232 1089 eo
1246 1056 1327 1088 bello
1343 1054 1507 1088 Cimbrico
1521 1056 1639 1095 captus

104 1114 183 1149 erat,
203 1115 239 1143 ut
258 1112 394 1151 aynouit
414 1111 580 1149 Marium,
599 1121 718 1151 ‘maqno
739 1110 866 1142 eiulatu
886 1119 1078 1150 expromens
1097 1108 1329 1148 indiqnitatem
1348 1117 1445 1138 casus
1464 1105 1549 1137 tanti
1567 1103 1639 1136 uiri

103 1162 226 1194 abiecto
243 1163 354 1203 qladio
369 1163 517 1204 profuqit
536 1173 551 1194 e
569 1172 703 1199 carcere,
723 1161 827 1193 schol.
848 1162 929 1193 Luc.
950 1170 977 1192 11
997 1161 1038 1192 76
1058 1160 1230 1192 Cimbrum
1247 1159 1392 1190 lictorem
1409 1182 1415 1189 .
1436 1182 1442 1188 .
1463 1182 1469 1188 .
1489 1157 1544 1188 eui
1561 1157 1639 1188 data

105 1217 150 1245 est
159 1216 304 1254 potestas
315 1217 351 1245 ut
363 1213 518 1245 Marium
530 1214 568 1245 in
579 1223 703 1245 earcere
715 1213 922 1250 interimeret,
937 1212 1027 1243 Plut.
1042 1212 1104 1242 uit.
1119 1211 1203 1242 Mar.
1218 1211 1260 1243 39
1272 1211 1292 1241 2
1306 1211 1425 1240 ἱππεὺσ
1439 1211 1473 1240 δὲ
1485 1209 1639 1245 Γαλάτησ

104 1267 141 1296 τὸ
171 1266 269 1304 ’γένοσ
299 1266 319 1303 ἢ
350 1266 509 1306 Κίμβροσ,
540 1266 732 1305 ἀμφοτέρωσ
758 1265 822 1304 ’γὰρ
849 1265 1032 1303 ἱστορεῖται,
1059 1264 1170 1302 λαβὼν
1197 1263 1293 1301 ξίφοσ
1320 1262 1509 1299 ἐπεισῆλθεν
1540 1257 1637 1298 αὐτῷ.

105 1315 227 1348 eodem
263 1319 423 1357 spectant
456 1316 492 1347 in
525 1315 657 1347 Lucani
691 1316 889 1347 narratione
921 1323 949 1346 11
979 1315 1020 1347 76
1056 1324 1105 1355 sq.
1133 1313 1325 1355 frustraque
1355 1312 1459 1344 hosti
1489 1320 1641 1343 concessa

103 1370 248 1408 potestas
269 1365 273 1409 Ι
293 1367 470 1406 sanquinis
495 1367 616 1405 inuisi,
643 1367 685 1398 84
711 1377 760 1407 sq.
795 1366 826 1398 si
852 1366 928 1398 libet
946 1365 1064 1397 ulcisci
1089 1365 1208 1397 deletae
1228 1364 1353 1405 funera
1377 1363 1493 1404 flentis,
1516 1360 1640 1405 ΙῙιαησ,

108 1418 269 1455 Cimbri,
291 1422 417 1449 seruate
436 1428 554 1450 senem.
603 1419 631 1450 is
650 1419 756 1459 igitur
775 1417 912 1450 Cimber
930 1418 966 1448 in
985 1416 1106 1455 Mario,
1126 1416 1191 1447 1100
1211 1418 1264 1447 est
1283 1425 1362 1446 cum
1381 1415 1412 1446 ei
1431 1424 1510 1445 011111
1530 1413 1639 1445 Mario

107 1480 159 1501 res
173 1472 273 1506 esset,
288 1470 402 1500 uictus
415 1472 478 1506 est,
493 1469 675 1500 maiestate
690 1469 780 1500 tanti
794 1469 859 1500 uiri
872 1469 1085 1509 perterritus.
1133 1466 1228 1508 quod
1241 1469 1360 1497 autem
1374 1468 1479 1506 poeta
1492 1465 1641 1496 Marium

105 1521 141 1552 in
162 1530 295 1552 carcere
316 1521 449 1552 uictum
470 1520 565 1558 dicit,
583 1519 722 1552 uidetur
746 1520 922 1551 communi
945 1529 1024 1550 cum
1042 1519 1182 1550 Lucano
1206 1528 1317 1549 errore
1337 1517 1536 1558 implicatus
1556 1526 1640 1547 esse.

108 1575 167 1615 qui
187 1582 215 1606 11
235 1575 277 1605 72
297 1583 347 1614 sq.
369 1574 453 1605 haee
473 1573 580 1605 habet
600 1584 621 1605 a
640 1584 722 1605 uero
742 1574 983 1610 remotissima,
1005 1583 1079 1604 mox
1099 1571 1239 1603 uincula
1252 1570 1338 1612 ferri
1359 1569 1364 1612 Ι
1385 1570 1513 1602 exedere
1533 1579 1642 1600 senem

105 1626 285 1665 lonqusque
306 1625 344 1656 in
365 1634 489 1656 carcere
518 1625 643 1665 paedor
730 1624 837 1655 46-48
861 1627 942 1655 ante
966 1623 1162 1655 Bentleium
1185 1622 1229 1653 ad
1246 1622 1422 1662 superiora
1443 1620 1642 1657 trahebant,

109 1676 204 1717 quod
219 1676 325 1707 etiam
341 1679 464 1716 postea
478 1675 635 1707 fecerunt
650 1685 720 1706 non
736 1675 821 1706 nulli
910 1675 952 1705 46
968 1675 1084 1706 consul
1103 1674 1220 1705 totiens
1237 1673 1322 1710 exul,
1338 1672 1419 1703 exul
1433 1672 1548 1703 factus
1564 1681 1643 1702 cum

108 1728 243 1759 sexiens
261 1727 381 1759 consul
398 1730 498 1764 esset,
519 1737 589 1758 non
607 1737 689 1758 sane
708 1730 806 1758 sexto
826 1726 1019 1763 consulatu,
1040 1735 1128 1766 quae
1148 1725 1185 1756 P.
1206 1724 1408 1765 Asprenatis
1427 1733 1539 1764 nugae
1558 1725 1640 1754 sunt

110 1781 186 1814 sen.
207 1784 315 1813 contr.
337 1790 350 1812 1
370 1783 384 1812 1
406 1782 436 1812 5.
484 1781 565 1812 Luc.
587 1790 614 1812 11
633 1782 675 1813 69
693 1791 742 1821 sq.
762 1791 838 1812 cum
853 1783 928 1821 post
949 1780 1146 1812 Teutonicos
1164 1779 1293 1810 uictor
1310 1777 1510 1818 Libycosque
1527 1777 1643 1808 trium-

108 1833 193 1874 phos
214 1831 317 1876 {exul
343 1833 463 1864 limosa
476 1832 614 1864 Marius
629 1835 729 1873 caput
745 1832 872 1864 abdidit
888 1831 981 1869 ulua,
998 1831 1075 1862 qu.
1094 1840 1162 1862 VIII
1181 1831 1244 1862 148
1260 1829 1365 1861 mulio
1381 1828 1507 1866 consul,
1524 1827 1642 1861 Claud.

108 1885 146 1915 in
167 1883 249 1915 Rus.
273 1892 286 1914 1
308 1884 372 1915 249
390 1886 465 1923 post
486 1883 613 1914 trabeas
634 1883 717 1915 exul.
765 1884 801 1914 in
824 1882 923 1915 Ouid.
947 1893 990 1913 ex
1012 1882 1113 1913 Pont.
1137 1890 1175 1912 IV
1196 1882 1216 1914 3
1238 1881 1281 1912 46
1301 1890 1364 1920 quo
1386 1879 1508 1911 uictrix
1528 1879 1646 1910 totiens

109 1935 243 1967 consule
262 1935 369 1966 Roma
379 1934 450 1976 fuit
466 1934 551 1966 illud
568 1935 684 1966 totiens
702 1934 745 1965 ad
763 1935 895 1965 consule
911 1944 981 1965 non
998 1933 1150 1975 pertinet
1239 1936 1280 1964 de
1299 1932 1435 1964 addidit
1452 1931 1647 1963 Gronouius

112 1987 184 2018 obs.
208 1995 246 2018 IV
267 1997 294 2017 0.
319 1987 371 2024 20,
394 1997 460 2017 om.
484 1990 542 2017 LM
563 1986 667 2018 semel
694 1986 829 2026 scriptis
851 1995 940 2026 quae
962 1985 1014 2016 bis
1035 1984 1136 2016 scribi
1158 1983 1354 2015 debuerunt
1374 1983 1395 2015 d
1416 1986 1452 2014 et
1473 1993 1488 2013 e
1508 1982 1647 2018 litteris,

114 2047 181 2076 que
202 2040 226 2068 G
247 2037 349 2068 metri
368 2047 473 2068 causa
492 2037 722 2078 interpolatus
744 2037 897 2077 itemque
919 2040 954 2068 et.
975 2037 1030 2076 (ac
1050 2038 1229 2076 praeterea
1248 2035 1338 2075 quot)
1358 2034 1407 2071 L²‚
1427 2033 1514 2074 quod
1533 2032 1650 2064 consul

114 2092 143 2120 et
165 2089 240 2120 exul
260 2088 334 2120 cod.
359 2089 522 2120 Venetus.
570 2089 743 2119 contrario
765 2098 876 2118 errore
899 2087 965 2119 Cic.
991 2086 1033 2118 de
1055 2086 1111 2118 fin.
1136 2095 1174 2117 IV
1196 2086 1238 2117 22
1260 2096 1323 2126 pro
1344 2085 1431 2125 quod
1452 2084 1524 2116 eius
1545 2083 1647 2115 multi

112 2140 191 2172 libri
214 2140 300 2180 quod
322 2139 361 2171 cle
384 2140 464 2171 eius.
513 2139 590 2170 qu.
616 2148 669 2170 VII
695 2140 755 2170 197
781 2149 830 2179 sq.
857 2139 887 2169 si
905 2138 1045 2179 fortuna
1068 2138 1164 2174 uolet,
1184 2137 1247 2177 fies
1271 2137 1309 2168 de
1333 2136 1454 2168 rhetore
1477 2135 1593 2167 consul
1607 2144 1619 2171 ,·
1639 2133 1643 2176 Ι

113 2191 145 2222 si
157 2191 242 2222 uolet
254 2191 331 2222 haec
343 2191 464 2228 eadem,
471 2190 530 2231 fiet
542 2190 581 2222 de
592 2190 723 2221 consule
735 2189 850 2227 rhetor,
864 2189 949 2220 Plin.
965 2199 1018 2230 ep.
1037 2197 1075 2219 IV
1094 2190 1108 2219 1
1117 2190 1131 2219 l
1154 2189 1168 2219 1
1183 2191 1219 2219 ut
1236 2187 1311 2219 exul
1323 2187 1361 2218 de
1377 2189 1534 2224 senatore,
1546 2185 1652 2217 rhetor

115 2243 154 2274 de
168 2245 293 2274 oratore
301 2242 405 2282 fieret,
422 2241 496 2274 Val.
513 2241 605 2273 Max.
623 2249 661 2272 VI
676 2242 696 2272 9
714 2242 750 2272 ll
770 2240 897 2281 (Scipio
913 2240 1034 2279 Asina)
1051 2250 1088 2270 ex
1102 2239 1234 2270 consule
1248 2238 1405 2279 captiuus
1421 2241 1448 2269 et
1465 2248 1502 2270 ez
1516 2237 1650 2278 captiuo

111 2293 231 2326 consul
249 2297 294 2325 est
307 2292 430 2334 faetus,
451 2294 491 2324 14
519 2292 657 2323 Marius
673 2316 680 2323 .
700 2316 707 2323 .
727 2315 734 2323 .
753 2292 808 2322 cui
832 2294 907 2332 post
929 2291 1068 2323 exilium
1084 2290 1250 2321 consulem
1269 2289 1374 2321 creari
1389 2313 1398 2320 .
1417 2313 1425 2320 .
1444 2313 1451 2320 .
1470 2289 1605 2329 contiqit

211 2355 287 2376 raro
299 2347 399 2376 extra
409 2345 582 2376 scaenicos
593 2344 631 2375 de
642 2343 850 2385 praepositio
862 2342 1012 2379 eliditur,
1019 2341 1079 2373 sed
1093 2341 1261 2382 Vergilius
1275 2341 1359 2372 Aen.
1368 2350 1405 2372 VI
1417 2341 1460 2373 38
1471 2340 1509 2372 de
1520 2339 1655 2377 intacto,

117 2396 297 2428 Lucretius
319 2405 363 2427 111
386 2396 449 2427 853
472 2396 511 2427 de
533 2395 614 2432 illis,
638 2395 789 2426 Lucilius
810 2393 868 2425 lib.
891 2403 941 2425 xv
964 2393 1053 2425 Non.
1078 2403 1111 2434 p.
1136 2393 1200 2425 397
1223 2392 1262 2424 de
1284 2392 1357 2429 isto,
1381 2402 1463 2423 nam
1486 2390 1652 2423 quenale

118 2447 322 2488 posteriores
340 2447 475 2478 omitto.
524 2446 722 2478 duriuscula
739 2446 845 2477 etiam
863 2445 948 2476 haec
964 2445 1056 2485 longi
1075 2443 1306 2485 monosyllabi
1323 2453 1402 2474 cum
1420 2443 1514 2474 uocis
1531 2442 1653 2483 dacty-

118 2499 204 2530 licae
224 2498 323 2528 initio
344 2497 557 2539 synaloepha
577 2500 631 2529 est
651 2506 827 2538 quamque
847 2505 918 2527 non
939 2496 1165 2536 aequiperent
1185 2504 1213 2525 Π
1235 2495 1299 2526 ’749
1319 2504 1421 2534 quam
1441 2493 1566 2531 omnia,
1589 2493 1654 2525 770

119 2559 195 2580 cum
212 2548 337 2586 omnia,
356 2549 421 2580 924
437 2559 521 2589 quae
538 2548 709 2585 humana3
741 2547 801 2579 sed
820 2547 914 2588 quod
937 2546 1098 2578 Manilius
1123 2546 1228 2577 semel
1252 2545 1429 2576 admisisse
1451 2544 1600 2582 uidetur,
1619 2544 1656 2575 id

115 2599 225 2632 ,semel
245 2598 386 2630 admisit
406 2599 566 2631 Lucanus
586 2602 622 2630 et
641 2600 677 2630 in
697 2598 817 2630 eodem
839 2597 979 2638 quidem
999 2597 1192 2628 hexametri
1211 2596 1310 2638 pede,
1331 2604 1346 2628 1
1365 2597 1430 2628 334
1450 2598 1479 2627 te
1498 2594 1658 2635 improbe,

118 2652 211 2682 sicut
225 2650 392 2692 Vergilius
405 2660 489 2690 quae
501 2650 599 2688 Asia,
615 2660 665 2682 me
678 2659 830 2691 aequora,
846 2659 897 2681 me
910 2649 1030 2689 impia,
1045 2651 1074 2680 te
1087 2648 1255 2688 adloquor,
1271 2658 1321 2679 me
1334 2647 1459 2684 omnia,
1474 2649 1503 2678 te
1516 2646 1654 2687 optima,

121 2702 152 2734 si
173 2711 303 2743 aspera,
321 2701 477 2733 Catullus
493 2702 529 2733 in
545 2702 735 2733 cultissimo
752 2701 878 2742 epyllio
895 2711 929 2732 se
949 2700 1060 2740 inpia,
1077 2702 1256 2741 praeterea
1272 2701 1352 2740 post
1369 2697 1521 2729 medium
1538 2700 1662 2739 penta-

123 2756 273 2785 metrum
293 2752 492 2794 Propertius
511 2753 542 2784 si
567 2753 670 2785 altera
758 2752 799 2783 47
817 2752 897 2783 Luc.
916 2760 943 2783 11
960 2751 1046 2784 91—3
1073 2750 1198 2782 solacia
1208 2750 1276 2791 fati
1298 2748 1302 2792 Ι
1323 2748 1485 2789 Carthaqo
1505 2748 1658 2781 Marius-

121 2815 183 2846 que
197 2804 284 2843 tulit,
297 2804 512 2845 pariterque
525 2804 693 2836 iacentes
714 2802 719 2846 Ι
742 2804 896 2843 iynouere
913 2802 993 2841 deis,
1010 2802 1108 2833 anth.
1128 2802 1204 2833 Lat.
1223 2801 1314 2832 Ries.
1331 2802 1396 2832 415
1413 2801 1500 2833 36-8
1521 2800 1659 2841 (Baehr.

123 2855 257 2888 P.L.M.
288 2864 326 2888 1v
353 2865 386 2896 p.
420 2856 477 2895 66)
512 2866 531 2887 ο
558 2856 683 2896 superi,
706 2855 782 2896 quis
802 2854 874 2896 fuit
914 2854 970 2886 ille
1005 2854 1086 2891 dies,
1123 2851 1129 2896 Ι
1163 2863 1226 2893 quo
1258 2852 1414 2884 Marium
1438 2852 1525 2884 uidit
1557 2861 1663 2893 supra
