1872 3183
574 149 1059 196 ASTRONOMICON
1091 149 1157 191 IV
1582 150 1638 188 49

138 273 209 305 420
265 279 313 306 ac
333 264 474 305 subito
493 262 654 317 rumpit
671 276 805 317 paruo
825 260 1062 302 discrimine
1082 259 1230 301 foedus
1248 273 1258 306 ;

266 343 309 380 et
327 337 453 379 modo
471 341 619 392 portus
639 341 729 377 erat
747 335 884 391 pelagi
902 335 987 376 iam
1006 339 1129 376 uasta
1148 332 1389 387 charybdis,

265 411 511 466 laudatique
530 410 647 452 cadit
665 414 763 465 post
781 409 955 464 paulum
976 408 1111 463 gratia
1130 407 1251 462 ponti
1270 421 1279 456 3

100 555 245 587 sterilem
264 556 401 596 exiyuus
419 565 459 587 ne
477 556 602 587 deserat
622 565 714 586 umor
731 554 900 592 harenam,
920 563 947 585 11
973 555 1101 586 238-41
1122 553 1225 585 salsa
1243 556 1352 584 autem
1375 552 1486 584 tellus
1512 554 1540 583 et
1557 560 1640 592 quae

102 606 291 645 perhibetur
308 616 439 638 amara
454 629 462 638 .
481 630 488 638 .
508 630 515 637 .
535 606 598 637 tale
616 605 706 638 dabit
724 605 900 645 specimen,
921 606 985 636 248
1004 615 1053 646 sq.
1079 605 1240 645 pinquis
1263 604 1341 636 item
1359 613 1442 644 quae
1460 603 1504 634 sit
1528 602 1640 634 tellus

102 657 162 688 <hoc
186 658 325 698 denique
345 660 442 697 pacto
463 656 468 701 Ι
487 657 658 689 discimus.
705 656 894 689 Columella
917 665 944 687 11
969 657 988 687 2
1013 657 1032 686 2
1056 656 1121 687 soli
1142 665 1267 697 genera
1295 655 1479 696 distinguit
1499 654 1643 694 pinquis

105 708 160 740 uel
177 709 292 747 macri,
312 709 413 740 soluti
432 709 486 740 uel
503 709 618 748 spissi,
640 708 748 740 umidi
767 708 821 739 uel
839 708 918 739 sicci
935 718 946 743 ,·
977 717 1060 747 quae
1078 707 1284 747 qualitates
1315 706 1414 737 inter
1438 715 1476 737 se
1500 705 1640 736 mixtae

106 759 259 791 uicibus
276 763 309 791 et
331 760 541 791 alternatae
564 759 734 799 plurimas
751 759 893 800 efficiunt
915 768 1089 798 (tyrorum
1115 758 1330 789 uarietates.
1381 760 1535 789 ceterum
1561 755 1642 787 uide

107 810 207 842 Ouid.
233 814 314 842 met.
339 820 392 842 VII
414 812 478 843 453
501 821 551 852 sq.
576 810 673 842 nulla
695 813 740 841 est
762 810 891 841 sincera
914 809 1070 849 uoluptas
1091 807 1096 852 Ι
1114 809 1355 849 sollicitumque
1379 808 1510 848 aliquid
1532 807 1644 839 laetis

104 862 318 893 interuenit
406 861 536 893 frustra
556 864 656 892 torres
678 861 852 892 Breiterus
873 870 927 891 an.
954 861 1039 891 1854
1059 859 1102 891 de
1122 859 1256 891 emend.
1275 859 1367 891 Man.
1386 869 1419 901 p.
1446 860 1486 890 15
1506 861 1543 890 et
1563 861 1644 900 post

106 922 185 943 eum
211 912 388 954 Hauptius
417 922 533 954 opusc.
561 921 589 943 11
614 923 646 953 p.
682 913 747 944 344
781 913 932 952 φλογμόσ
959 912 1219 952 interpretatus,
1253 911 1313 951 qui
1349 910 1565 941 Lachmanni
1599 908 1644 940 ad

108 963 205 995 Lucr.
233 973 276 995 ΙΙΙ
300 965 363 996 917
388 974 482 995 error
504 963 642 1000 fuerat;
680 966 780 994 torres
804 963 895 994 enim
921 962 965 994 ab
990 973 1030 993 eo
1055 962 1149 1003 quod
1173 965 1227 993 est
1251 961 1349 993 torris
1372 971 1443 993 non
1467 961 1643 992 diuersum

104 1024 178 1046 esse
202 1024 314 1055 neque
338 1014 432 1046 aliud
456 1014 629 1046 declarare
654 1014 773 1045 docuit
797 1013 831 1045 C.
859 1013 1019 1055 Hoppius
1042 1014 1079 1044 in
1103 1012 1194 1044 arch.
1222 1013 1298 1044 Lat.
1324 1012 1389 1043 lex.
1416 1020 1484 1043 V111
1507 1022 1539 1053 p.
1567 1011 1644 1049 587,

105 1066 211 1106 idque
233 1065 438 1107 comprobat
460 1065 594 1098 Goetzii
617 1065 703 1097 thes.
728 1065 827 1106 gloss.
852 1064 985 1095 emend.
1011 1073 1039 1095 11
1061 1074 1094 1106 p.
1119 1065 1193 1096 357.
1242 1074 1354 1105 neque
1376 1063 1488 1094 multo
1510 1063 1645 1104 aptiore

106 1116 187 1148 huic
203 1117 278 1148 loco
296 1117 470 1148 sententia
488 1120 550 1148 aut
568 1117 708 1148 omnino
726 1117 852 1147 rectius
868 1118 1021 1156 φλογμόσ
1034 1115 1134 1146 laetis
1149 1115 1240 1146 aruis
1253 1115 1461 1146 interuenire
1475 1114 1647 1146 diceretur

107 1177 213 1209 quam
235 1167 362 1199 dicitur
383 1168 477 1209 quod
498 1167 598 1199 codd.
622 1167 711 1198 Flor.
734 1170 770 1198 et
792 1167 890 1198 Bodl.
913 1167 1071 1198 fecerunt
1091 1166 1215 1197 sterilis
1235 1165 1330 1197 terris
1351 1166 1447 1197 laetis
1468 1165 1647 1197 interuenit

106 1228 241 1250 armus.
289 1218 480 1250 Immischii
517 1219 751 1250 coniecturam
799 1221 923 1249 torrens
959 1227 1029 1249 non
1066 1227 1371 1248 commemorarem
1408 1217 1475 1248 nisi
1511 1215 1648 1248 duobus

106 1270 298 1302 editoribus
324 1270 511 1311 placuisset
599 1270 664 1301 420
689 1273 810 1302 foedus
836 1268 995 1306 Iacobus,
1023 1273 1140 1301 faetus
1172 1272 1232 1306 GL,
1259 1272 1352 1300 fetus
1379 1272 1435 1299 M:
1470 1267 1560 1308 fetus
1585 1277 1649 1309 pro

100 1321 223 1362 foedus
245 1320 326 1353 Vrb.
353 1321 417 1352 668
439 1322 475 1351 in
497 1329 525 1351 11
549 1321 622 1352 605.
670 1320 785 1351 sterile
807 1320 918 1351 solum
941 1319 1046 1351 fertili
1073 1320 1306 1351 interueniens
1328 1329 1487 1360 rumpere
1510 1318 1650 1350 uidetur

109 1372 231 1404 foedus
250 1375 407 1409 naturae,
428 1372 522 1413 quod
541 1381 668 1403 nomen
687 1372 734 1403 sic
753 1371 845 1402 nude
863 1372 1016 1412 positum
1036 1374 1090 1402 est
1108 1374 1149 1402 ut
1169 1371 1269 1411 Zeyem
1288 1371 1362 1402 Val.
1388 1370 1438 1402 ΕΙ.
1460 1379 1473 1402 1
1493 1371 1568 1408 213,
1589 1369 1650 1402 ubi

111 1424 271 1464 aequorei
302 1423 358 1454 dei
389 1423 593 1464 Neptunum
620 1422 759 1463 fremere
791 1426 819 1453 et
856 1422 968 1462 leqem
1002 1421 1171 1463 defendere
1201 1422 1312 1453 cuncti
1333 1420 1337 1464 Ι
1357 1422 1539 1459 hortantur,
1571 1430 1649 1452 eam

110 1475 272 1506 uidelicet
287 1484 357 1515 qua
373 1484 467 1505 mare
483 1484 504 1505 a
520 1477 612 1505 terra
627 1474 815 1505 discretum
831 1477 885 1504 est
900 1483 1075 1514 quamque
1091 1476 1297 1515 perruptum
1313 1476 1398 1504 eunt
1413 1472 1646 1514 Argonautae.

108 1525 217 1557 subito
232 1536 302 1557 non
319 1525 502 1566 temporali
519 1525 769 1566 significatione
785 1524 912 1556 dicitur
929 1524 989 1556 sed
1004 1525 1056 1555 ita
1072 1528 1112 1556 ut
1128 1524 1250 1556 Auien.
1269 1524 1365 1556 Arat.
1387 1525 1471 1556 1532
1488 1523 1650 1563 abruptas

110 1577 219 1608 subito
234 1576 394 1617 (circulus
408 1576 527 1607 lunam
541 1577 706 1617 cingens),
723 1575 811 1608 Stat.
828 1575 934 1606 Theb.
952 1583 989 1606 VI
1004 1576 1069 1607 260
1083 1575 1199 1606 mollia
1212 1585 1280 1606 non
1293 1575 1413 1606 subitis
1429 1600 1437 1606 .
1457 1599 1464 1606 .
1484 1600 1491 1606 .
1505 1574 1650 1616 fastiqia

108 1628 218 1659 cliuis.
266 1627 388 1658 eodem
409 1627 562 1668 pertinet
579 1637 689 1666 paruo
710 1626 914 1664 discrimine,
937 1626 1001 1657 hoc
1023 1630 1076 1657 est
1097 1627 1157 1657 uix
1178 1626 1248 1657 ullo
1269 1626 1384 1658 sterile
1405 1630 1441 1658 et
1461 1626 1650 1658 fecundum

106 1679 221 1711 solum
262 1678 450 1710 distinente
490 1677 685 1715 interuallo,
727 1678 900 1708 artissimo
938 1677 1087 1708 confinio
1177 1677 1284 1708 sabito
1319 1677 1472 1717 perimit
1507 1686 1652 1717 paruos

108 1730 303 1762 discrimine
312 1729 402 1770 fetus
418 1731 557 1771 (nempe
572 1729 692 1768 robiqo,
709 1739 815 1769 quam
831 1738 952 1760 uocem
968 1729 1003 1759 in
1019 1729 1229 1770 superiorem
1245 1738 1383 1760 uersum
1398 1728 1650 1768 inculcauerat)

111 1781 299 1818 Bentleius,
326 1791 429 1822 quem
454 1783 593 1822 praeter
619 1780 825 1821 Pingraeum
852 1779 1030 1821 Hauptius
1055 1782 1195 1811 secutus
1220 1783 1284 1817 est,
1311 1780 1376 1811 nisi
1403 1779 1497 1820 quod
1522 1779 1650 1819 rumpit

109 1843 172 1874 pro
207 1832 391 1863 ‘uulnerat
422 1835 458 1863 et
489 1830 619 1862 laedit’
653 1831 762 1872 accipi
784 1841 884 1872 posse
916 1830 1078 1872 putabat,
1102 1831 1193 1862 sicut
1223 1831 1259 1862 in
1281 1831 1470 1873 rogationis
1501 1830 1652 1863 formula

111 1884 184 1915 Liu.
203 1892 283 1915 XXII
305 1884 344 1915 10
363 1884 427 1915 3—5
446 1883 532 1923 qaod
549 1892 607 1913 aer
625 1882 771 1913 attulerit
789 1892 827 1913 ex
845 1882 957 1919 suillo,
977 1882 1091 1919 ouillo,
1111 1882 1261 1921 caprino,
1281 1882 1403 1913 bouillo
1421 1892 1522 1922 φερε,
1540 1906 1548 1914 .
1567 1906 1575 1914 .
1594 1906 1602 1914 .
1621 1883 1652 1913 si

109 1936 186 1976 qais
217 1937 347 1973 rumpet
368 1933 530 1965 occidetue
561 1933 718 1971 insciens,
742 1943 782 1964 oze
799 1932 899 1973 fraus
932 1937 1019 1970 est0;
1056 1943 1270 1974 quamquam
1288 1932 1378 1973 fetus
1400 1934 1652 1975 interpretatur

106 1986 236 2028 fruges,
254 1995 325 2016 non
342 1984 498 2016 subolem
515 1985 625 2026 gregis
714 1984 777 2014 421
797 1988 915 2022 pelagi
928 1987 998 2015 iam
1013 1984 1087 2020 GL2,
1106 1988 1295 2022 pelaguam
1312 1988 1357 2021 M,
1375 1988 1522 2022 pelagus
1539 1987 1611 2016 iam
1629 1988 1653 2016 L

200 2041 306 2068 uasta
330 2039 375 2072 M,
409 2039 505 2067 facta
536 2039 585 2067 GL
614 2034 761 2066 fortasse
789 2038 893 2072 recte,
927 2036 1088 2075 quamuis
1122 2038 1220 2066 uasta
1252 2034 1438 2075 Charybdis
1471 2035 1652 2067 Lucretius

111 2097 125 2120 Ι
148 2089 213 2119 722
237 2090 273 2119 et
296 2089 418 2128 postea
441 2086 498 2117 alii
523 2086 686 2123 dixerint,
711 2096 800 2127 quae
828 2086 980 2117 Homero
1018 2088 1094 2124 ὀλοή
1128 2089 1181 2117 est
1270 2086 1453 2128 uirgulam,
1478 2096 1549 2127 qua
1571 2091 1655 2128 post

108 2139 222 2180 pelaqi
241 2139 357 2180 posita
376 2137 524 2169 editores
545 2140 581 2169 et
601 2138 811 2169 sententiam
836 2140 872 2168 et
893 2138 1058 2169 orationis
1082 2140 1294 2168 structuram
1320 2137 1546 2176 sustulerunt,
1568 2141 1652 2170 GLM

111 2192 284 2233 ignorant.
331 2199 372 2220 ea
395 2199 459 2227 res,
484 2199 573 2230 quae
596 2189 666 2219 iam
690 2188 876 2230 charybdis
899 2192 962 2226 est,
988 2188 1091 2230 paulo
1116 2191 1198 2219 ante
1221 2191 1343 2229 portus
1366 2192 1465 2220 erat:
1503 2189 1560 2221 Sil.
1585 2198 1650 2221 XIV

112 2243 174 2274 201
203 2251 252 2283 sq.
273 2241 355 2272 iusti
380 2240 548 2281 quondam
571 2243 699 2279 portus,
722 2249 812 2271 nunc
839 2239 932 2270 litore
954 2239 1022 2271 solo
1043 2238 1048 2282 Ι
1067 2239 1256 2271 subsidium
1280 2239 1424 2280 infidum
1443 2239 1653 2280 fuyientibus

113 2303 266 2334 aequora,
301 2292 427 2333 Mylae.
489 2295 606 2331 portus
632 2291 745 2331 pelaqi
773 2294 814 2322 ut
843 2291 946 2322 Hom.
983 2290 1046 2323 Od.
1079 2299 1101 2322 v
1131 2291 1196 2322 418
1230 2293 1366 2329 λιμένασ
1396 2304 1431 2322 τε
1467 2293 1649 2330 θαλάσσησ.

111 2343 298 2385 charybdi&
317 2353 445 2384 uorago
462 2354 469 2374 ε
501 2353 544 2374 ex
563 2343 702 2384 proprio
720 2342 859 2373 nomine
879 2341 1130 2383 appellatiuum
1149 2341 1233 2374 fecit
1251 2341 1460 2374 Graecorum
1479 2343 1649 2384 exemplo,

115 2396 196 2427 Eur.
223 2394 334 2436 suppl.
354 2395 419 2426 500
443 2403 493 2435 sq.
513 2397 656 2434 ἥρπασεν
684 2395 844 2434 χάρυβδισ
871 2395 1083 2425 οἰωνοσκόπον
1103 2392 1107 2435 Ι
1124 2395 1298 2434 τέθριππον
1324 2395 1407 2434 ἅρμα
1433 2397 1652 2435 περιβαλοῦσα

115 2449 270 2487 χάσματι,
287 2445 382 2478 Suid.
403 2455 465 2476 S.u.
486 2447 604 2485 εἴρηται
623 2446 656 2476 δὲ
673 2446 736 2476 πᾶν
753 2446 790 2475 τὸ
807 2447 856 2476 εἰσ
872 2445 958 2484 χάοσ
974 2446 1025 2475 καὶ
1044 2446 1173 2484 ὄλεθρον
1191 2446 1352 2483 κατάγονς
1376 2445 1472 2482 item,
1491 2446 1652 2485 quamuis

113 2499 251 2529 diuerso
275 2506 388 2533 sensu,
413 2496 547 2527 Aetnae
572 2496 719 2537 scriptor
743 2505 775 2526 u.
805 2496 866 2527 107
957 2495 1023 2525 422
1047 2498 1147 2533 ponti
1171 2495 1208 2526 L2
1232 2498 1268 2526 et
1292 2505 1377 2527 corr.
1404 2506 1447 2526 ex
1471 2500 1582 2534 pontu
1606 2500 1652 2534 Μ,

113 2546 175 2589 113'1
192 2554 251 2588 GL,
279 2558 417 2580 uersum
450 2558 517 2580 om.
552 2548 627 2580 cod.
662 2548 825 2580 Venetus.
872 2549 1021 2589 gratiam
1055 2547 1181 2580 Christi
1207 2551 1288 2589 post
1316 2547 1464 2579 Paulum
1491 2548 1653 2581 cecidisse

113 2607 190 2636 tam
211 2610 333 2634 uerum
354 2609 460 2640 quam
481 2600 595 2641 generi
616 2599 769 2631 humano
790 2599 988 2631 luctuosum
1010 2602 1074 2637 est,
1097 2599 1157 2630 sed
1178 2609 1270 2630 nunc
1292 2599 1334 2630 de
1356 2600 1443 2631 mari
1464 2601 1590 2641 agitur,
1612 2604 1653 2632 ut

114 2655 150 2687 id
167 2663 274 2696 genus
290 2651 406 2683 mendi
422 2653 602 2682 teneamus
618 2661 687 2692 quo
704 2659 727 2681 v
745 2651 807 2682 182
824 2654 849 2682 G
865 2650 996 2690 uirqiue
1012 2653 1126 2681 uatus
1142 2653 1209 2681 erat
1228 2650 1312 2681 fecit
1333 2661 1375 2681 ex
1397 2651 1519 2690 maius,
1537 2651 1655 2692 qualia

115 2716 185 2737 non
202 2713 315 2747 pauca
330 2705 575 2743 congesserunt
591 2701 750 2733 Kellerus
768 2701 845 2743 epil.
865 2701 910 2732 ad
928 2701 1011 2733 Hor.
1030 2712 1063 2743 p.
1083 2702 1147 2734 319
1165 2705 1201 2733 et
1218 2701 1448 2733 Friedrichius
1465 2702 1509 2733 ad
1526 2702 1652 2735 Catull.

116 2758 159 2789 64
183 2757 235 2788 54.
284 2762 499 2795 quamquam
523 2753 742 2784 mirationem
767 2752 853 2784 facit
877 2755 1006 2794 pontus
1030 2752 1195 2784 laudatus
1219 2763 1259 2784 ac
1284 2762 1365 2784 mox
1391 2753 1517 2785 amissa
1540 2755 1654 2796 gratia

114 2807 325 2843 euilescens;
363 2814 445 2836 nam
471 2814 576 2845 quam
602 2805 706 2835 maris
730 2803 869 2835 laudem
896 2803 1104 2845 significauit
1130 2804 1364 2843 Quintilianus
1389 2804 1468 2836 inst.
1496 2813 1540 2836 111
1564 2806 1583 2837 7
1610 2807 1651 2837 27

112 2862 163 2890 aest
201 2858 285 2890 laus
302 2881 308 2888 .
328 2880 336 2888 .
355 2880 362 2887 .
383 2858 411 2887 et
467 2855 631 2887 locorum
648 2879 654 2886 .
674 2879 681 2886 .
701 2879 708 2886 .
728 2855 766 2886 in
798 2854 918 2895 quibus
934 2879 941 2886 .
961 2879 968 2886 .
988 2879 995 2886 .
1014 2855 1156 2895 speciem
1193 2858 1222 2886 et
1259 2855 1435 2887 utilitatem
1472 2856 1653 2895 intuemur,

875 2919 896 2940 1)
