1872 3183
227 123 310 163 104
815 124 876 165 M.
910 124 1045 167 MAN
1048 124 1162 167 ILII

387 238 431 276 et
449 234 628 290 propriis
648 234 789 277 frenat
808 235 1064 291 pendentem
1083 237 1258 279 nutibus
1278 238 1435 280 orbem.

387 309 559 350 inferius
579 309 719 351 uictae
738 309 854 351 sidus
874 310 1139 366 Carthaginis
1158 326 1273 353 arces

222 478 351 510 quaque
378 480 471 502 meus
498 470 623 502 Caesar
645 470 776 510 qenitus
793 470 930 502 dicitur.
979 474 1159 513 praeterea
1187 472 1246 503 illa
1274 472 1399 505 Caesar
1415 498 1423 505 .
1443 497 1450 504 .
1470 497 1477 504 .
1496 483 1587 505 nunc
1614 473 1764 506 condidit

221 521 335 553 urbem
354 522 450 562 (nam
470 522 579 554 orbem
597 521 678 554 ferri
698 523 834 563 nequit)
854 523 983 554 iustam
1001 523 1212 555 sententiam
1230 534 1300 555 non
1317 524 1473 557 efficiunt
1490 526 1555 557 nisi
1575 524 1763 557 accedente

224 572 280 604 uel
305 582 424 604 rursus
449 573 506 605 uel
531 573 598 605 alio
625 573 815 611 aduerbi03
855 573 950 615 quod
968 575 1110 605 remotis
1136 585 1226 615 quae
1244 575 1391 608 molesta
1416 579 1499 608 sunt
1523 587 1584 617 que
1608 579 1644 608 et
1669 587 1764 608 ‘meus

222 624 402 656 uocabulis
420 625 618 666 reciperaui.
667 624 709 656 de
727 625 862 666 integro
881 625 982 657 urbes
999 625 1206 664 condidisse,
1225 629 1261 658 et
1279 627 1380 659 aliter
1391 627 1532 669 quidem
1543 637 1650 669 quam
1668 638 1760 659 noua

221 674 453 708 fundamenta
480 676 648 714 iaciendo,
678 676 781 708 multi
809 676 1092 718 perhibebantur,
1112 677 1287 710 interdum
1317 679 1388 710 sine
1417 680 1489 711 iure
1518 689 1580 711 nec
1607 680 1673 711 nisi
1700 689 1762 721 per

223 726 487 760 adulationem:
520 727 638 759 Numa
658 727 732 759 Liu.
749 737 762 759 1
784 729 824 760 19
846 730 859 760 l
881 727 992 759 urbem
1014 738 1149 764 nouam,
1168 729 1335 761 conditam
1352 731 1390 762 ui
1411 734 1439 762 et
1458 731 1574 768 armis,
1596 731 1669 762 iure
1689 740 1761 762 eam

224 778 412 819 leqibusque
436 789 474 810 ac
499 779 646 810 moribus
669 779 708 811 de
732 779 857 820 integro
882 779 1017 811 condere
1039 782 1151 820 parat,
1170 779 1336 812 Camillus
1361 781 1406 813 ib.
1433 791 1456 813 v
1481 782 1524 813 49
1548 783 1568 813 7
1596 781 1761 813 Romulus

221 839 260 862 ac
290 840 415 870 parens
442 831 577 871 patriae
607 830 817 871 conditorque
841 831 923 862 alter
953 831 1046 862 urbis
1071 831 1162 863 haud
1193 833 1296 864 uanis
1328 833 1486 865 laudibus
1517 833 1761 874 appellabatur,

220 889 273 912 vn
299 882 314 912 1
344 882 384 913 10
407 881 589 913 secundum
611 892 633 913 a
659 881 800 913 Romulo
823 882 1023 914 conditorem
1048 882 1141 914 urbis
1167 883 1350 921 Romanae,
1371 883 1463 915 Plut.
1483 885 1547 916 uit.
1574 884 1668 916 Cam.
1698 885 1712 916 l
1742 885 1756 915 1

220 934 356 971 κτίστησ
381 935 443 972 τῆσ
465 932 593 972 Ῥώμησ
618 935 821 974 ἀναγραφεὶσ·
847 935 1006 974 δεύτεροσ,
1032 933 1211 975 Augustus
1235 934 1328 967 Suet.
1356 934 1443 977 Aug.
1471 936 1490 967 7
1515 936 1535 966 2
1560 935 1760 976 quibusdam

219 983 427 1016 censentibus
461 984 643 1016 Romulum
683 985 851 1025 appellari
884 988 1030 1025 oportere
1062 986 1161 1026 quasi
1199 989 1227 1017 et
1264 986 1382 1026 ipsum
1419 987 1621 1019 conditorem
1653 987 1759 1024 urbis,

220 1035 375 1077 Caligula
412 1035 506 1068 Suet.
545 1035 614 1068 Cal.
657 1036 697 1067 16
721 1037 742 1067 4
778 1036 941 1068 decretum
977 1039 1087 1068 autem
1121 1040 1158 1068 ut
1197 1037 1268 1069 dies
1302 1048 1367 1078 quo
1402 1039 1544 1078 cepisset
1578 1039 1760 1079 imperium

219 1087 356 1119 Parilia
379 1090 563 1125 uocaretur,
588 1087 680 1119 uelut
704 1091 936 1128 arqurnentum
953 1098 1071 1119 rursus
1094 1088 1248 1120 conditae
1273 1089 1378 1127 urbis,
1405 1089 1510 1122 Solon
1534 1089 1621 1121 Iust.
1642 1099 1671 1121 11
1695 1091 1713 1121 7
1739 1092 1764 1121 4

220 1138 339 1179 leqitur
355 1162 362 1170 .
382 1163 390 1170 .
410 1163 417 1170 .
436 1138 540 1170 Solon
556 1163 563 1170 .
583 1163 591 1170 .
611 1163 618 1170 .
637 1139 696 1179 qui
732 1139 824 1171 uelut
861 1149 988 1171 nouam
1024 1140 1195 1172 ciuitatem
1224 1140 1351 1180 leqibus
1383 1141 1543 1178 conderet,
1579 1141 1760 1173 Timoleon

219 1189 307 1231 Nep.
333 1190 454 1221 Timol.
481 1191 501 1222 3
525 1191 545 1221 2
570 1200 607 1222 ex
630 1190 777 1222 maximo
802 1190 883 1222 bello
911 1193 1042 1222 tanturn
1065 1191 1172 1223 otium
1194 1192 1253 1223 toti
1277 1192 1409 1223 insulae
1431 1193 1629 1224 conciliauit
1645 1196 1684 1224 ut
1707 1193 1761 1224 liic

218 1241 367 1273 conditor
388 1241 523 1274 urbium
546 1252 669 1279 earum,
693 1252 761 1273 non
783 1242 837 1274 illi
858 1242 917 1282 qui
939 1243 1040 1274 initio
1062 1243 1276 1280 deduxerant,
1295 1244 1474 1281 uideretur,
1493 1243 1677 1276 Marcellus
1700 1243 1758 1276 Sil.

216 1302 281 1325 xrv
298 1294 359 1325 681
379 1293 544 1325 seruando
559 1294 706 1325 condidit
722 1293 835 1325 urbem
851 1293 1080 1335 (Syracusas),
1095 1295 1202 1326 etiam
1216 1294 1407 1336 Eutropius
1425 1295 1546 1327 Claud.
1562 1296 1598 1327 in
1611 1295 1710 1327 Eutr.
1731 1304 1763 1327 11

218 1345 261 1376 82
293 1354 344 1386 sq.
378 1345 494 1376 tertius
525 1344 618 1376 urbis
639 1343 643 1388 Ι
663 1345 811 1377 conditor
843 1345 915 1385 (boc
947 1345 1057 1386 Byzas
1085 1345 1392 1387 Constantinusque
1423 1346 1624 1386 uidebunt):
1671 1345 1760 1377 adde

218 1396 326 1438 ipsius
341 1395 473 1427 Manilii
488 1405 502 1428 1
518 1397 626 1428 784—ss
638 1397 697 1437 qui
714 1420 722 1428 .
741 1420 749 1428 .
769 1420 776 1427 .
798 1396 940 1428 Romam
957 1420 964 1428 .
984 1421 991 1428 .
1012 1421 1019 1428 .
1039 1397 1207 1428 Camillus
1229 1395 1233 1441 Ι
1254 1398 1421 1429 seruando
1429 1398 1556 1438 posuit,
1572 1398 1762 1438 Brutusque

219 1458 241 1479 a
270 1457 341 1488 reye
371 1451 517 1488 receptae
538 1447 542 1491 Ι
563 1448 719 1479 conditor.
768 1448 846 1489 quis
877 1451 996 1480 autem
1023 1448 1236 1489 significetur
1261 1448 1386 1481 Caesar
1415 1449 1560 1481 dubium
1591 1459 1664 1481 non
1693 1453 1759 1487 est,

219 1499 390 1540 siquidem
420 1509 512 1530 nunc
541 1500 660 1531 orbem
690 1499 825 1531 frenare
855 1499 1003 1537 dicitur3
1042 1500 1179 1531 Tiberio
1208 1501 1300 1532 enim
1327 1501 1482 1542 principe
1511 1500 1603 1532 hunc
1632 1501 1760 1533 librum

218 1551 387 1592 scriptum
408 1561 481 1582 esse
503 1551 639 1582 ostendi
660 1550 705 1581 ad
726 1551 791 1582 766
812 1553 847 1582 et
869 1550 926 1582 lib.
946 1560 959 1582 Ι
980 1561 1013 1592 p.
1033 1550 1115 1582 lxxi.
1165 1561 1277 1593 neque
1299 1551 1426 1583 desunt
1447 1562 1536 1593 quae
1562 1551 1658 1584 illam
1684 1562 1757 1583 sen-

220 1602 369 1633 tentiam
392 1602 533 1643 insuper
555 1602 794 1643 comprobent.
843 1612 925 1633 nam
944 1602 1004 1642 qui
1027 1601 1092 1633 hoc
1117 1612 1220 1634 uersu
1244 1602 1348 1634 Libra
1365 1604 1503 1644 genitus
1525 1603 1759 1644 praedicatur,

218 1663 298 1685 eum
319 1664 389 1685 non
409 1654 662 1695 horoscopante
682 1653 798 1690 Libra,
818 1652 912 1694 quod
933 1653 968 1684 in
988 1653 1188 1694 Augustum
1209 1654 1331 1685 cadere
1352 1654 1503 1685 uidimus
1520 1654 1564 1685 ad
1584 1655 1649 1686 547
1670 1664 1760 1695 sqq.‚

220 1704 281 1736 sed
303 1705 403 1736 Luna
423 1706 459 1737 in
482 1715 522 1737 eo
544 1706 641 1746 signo
663 1705 857 1736 constituta
878 1708 1003 1736 natum
1024 1715 1096 1736 esse
1119 1705 1186 1736 dici
1208 1705 1362 1737 declarat
1381 1705 1615 1737 membrorum
1633 1716 1759 1747 aequa-

218 1756 311 1795 litas,
327 1767 394 1798 qua
409 1757 542 1789 condita
559 1757 678 1793 Roma,
694 1766 761 1796 qua
774 1757 906 1796 yenitus
921 1757 1055 1788 Caesar.
1104 1760 1210 1788 natus
1226 1760 1279 1788 est
1290 1760 1408 1788 autem
1418 1757 1575 1789 Tiberius
1590 1757 1761 1789 referente

219 1808 385 1841 Suetonio
401 1808 476 1840 Tib.
494 1810 514 1840 5
530 1816 606 1839 XVI
620 1808 684 1839 Ical.
704 1808 783 1839 Dec.
801 1807 853 1839 M.
872 1808 1020 1839 Aemilio
1029 1808 1158 1848 Lepido
1171 1809 1290 1840 iterum
1299 1809 1337 1840 L.
1351 1808 1512 1840 Munatio
1525 1809 1652 1840 Plarwo
1665 1818 1762 1846 coss„

219 1870 289 1901 quo
315 1859 370 1891 die
395 1859 530 1891 Lunam
555 1859 591 1890 in
616 1858 722 1890 Libra
746 1859 853 1889 fuisse
880 1868 922 1888 ex
947 1858 1183 1891 astronomiae
1203 1860 1399 1891 rationibus
1417 1862 1576 1897 constat;
1613 1870 1760 1901 eamque

221 1921 363 1943 causam
388 1921 472 1948 esse,
494 1921 556 1942 cur
577 1909 825 1952 Pythodoridis
855 1911 992 1952 reginae
1014 1910 1180 1942 Ponticae
1201 1921 1365 1943 nummus
1390 1921 1494 1952 quem
1515 1911 1572 1943 lib.
1597 1920 1611 1943 1
1631 1921 1664 1953 p.
1688 1911 1761 1943 lxxi

219 1962 490 1994 commemoraui
515 1964 552 1993 et
577 1961 705 1993 Tiberii
731 1961 841 2004 effigie
867 1964 903 1993 et
929 1961 1053 1993 Librae
1080 1964 1166 1993 nota
1192 1962 1349 2003 signatus
1375 1963 1431 1999 sit,
1450 1972 1494 1994 ex
1519 1973 1560 1994 eo
1586 1963 1763 2004 colligitur

219 2013 314 2056 quod
329 2013 478 2055 Augusti
494 2016 529 2045 et
545 2013 755 2055 Capricorni,
773 2013 833 2054 qui
848 2013 953 2054 uulgo
969 2014 1005 2044 in
1020 2013 1172 2044 nummis
1188 2013 1377 2045 consociati
1388 2013 1625 2052 inueniuntur,
1637 2013 1759 2046 eadem

218 2066 309 2097 inter
334 2075 369 2097 se
395 2065 484 2096 ratio
510 2067 573 2096 est.
622 2074 727 2105 quem
752 2065 844 2096 enim
871 2063 1056 2096 Suetonius
1082 2065 1169 2106 Aug.
1190 2067 1210 2097 5
1235 2068 1354 2097 natum
1378 2064 1430 2095 M.
1461 2065 1576 2097 Tullio
1603 2065 1762 2097 Cicerone

219 2118 257 2149 0.
283 2117 432 2149 Antonio
455 2126 536 2148 cosa
562 2120 608 2144 IX
623 2117 688 2148 kal.
715 2116 782 2148 Oct.
804 2117 912 2157 paulo
935 2119 1011 2148 ante
1034 2117 1114 2148 solis
1137 2119 1285 2149 exortura
1307 2116 1526 2157 eundemque
1549 2116 1631 2148 ibid.
1652 2118 1695 2149 94
1720 2118 1762 2149 12

219 2169 426 2209 Capricorno
444 2171 562 2199 natum
582 2167 691 2199 tradit
705 2167 917 2209 Augustum,
932 2178 1011 2199 eum
1031 2167 1131 2199 Luna
1150 2168 1184 2199 in
1205 2167 1415 2209 Capricorno
1435 2167 1607 2200 coHocata
1626 2168 1759 2200 editum

218 2230 302 2257 esse,
321 2219 426 2260 idque
449 2219 631 2251 Manilium
655 2218 804 2250 uoluisse
827 2228 907 2250 cum
931 2219 1095 2251 scriberet
1120 2227 1148 2250 11
1173 2220 1282 2251 507-9
1305 2219 1536 2259 Capricornus
1558 2219 1597 2250 in
1619 2218 1758 2263 ipsum}

219 2271 380 2303 conuertit
402 2271 500 2302 uisus
524 2271 618 2311 (quid
641 2270 731 2302 enim
754 2270 932 2302 mirabitur
956 2271 1013 2302 ille
1034 2269 1038 2313 Ι
1058 2271 1182 2308 maius,
1207 2270 1245 2302 in
1267 2270 1415 2310 Auqusti
1425 2269 1513 2311 felia:
1530 2280 1607 2302 cum
1624 2271 1762 2311 fulserit

219 2326 327 2354 ortum
343 2324 383 2362 9),
400 2322 656 2354 demonstrauit
673 2321 700 2353 Ι.
719 2321 758 2354 G.
778 2321 930 2363 Smylius
948 2321 1131 2353 Hermath.
1146 2332 1199 2353 an.
1221 2323 1305 2353 1912
1321 2332 1354 2363 p.
1376 2322 1447 2353 158.
1496 2322 1564 2353 huc
1580 2323 1759 2364 pertinent

217 2375 326 2406 etiam
349 2384 438 2415 quae
461 2373 506 2405 ad
529 2382 556 2405 11
579 2374 644 2405 726
667 2373 782 2410 attuli,
807 2374 843 2404 in
866 2373 987 2414 primis
1011 2373 1078 2405 Cic.
1099 2373 1141 2404 de
1164 2373 1234 2404 diu.
1260 2381 1288 2404 11
1311 2373 1350 2404 91
1376 2382 1462 2410 curn,
1480 2376 1517 2404 ut
1540 2373 1611 2414 ipsi
1632 2374 1762 2411 dicunt,

218 2429 310 2458 ortus
328 2425 537 2457 nascentium
556 2424 658 2455 Luna
678 2424 871 2461 moderetur,
886 2434 986 2465 eaque
1005 2424 1276 2456 animaduertant
1296 2427 1324 2455 et
1342 2427 1453 2455 notent
1465 2424 1577 2456 sidera
1595 2425 1759 2457 natalicia

218 2476 391 2514 Chaldaei,
417 2485 640 2517 quaecumque
663 2475 781 2506 Lunae
806 2475 922 2507 iuncta
947 2475 1128 2506 uideantur
1218 2475 1280 2506 777
1305 2478 1451 2507 nutibus
1477 2478 1542 2512 GL,
1559 2478 1696 2508 uicibus
1712 2479 1758 2513 Μ,

219 2530 281 2560 551
303 2537 353 2568 sq.
375 2527 474 2559 illum
492 2526 588 2558 urbes
607 2529 635 2557 et
654 2536 754 2565 reqna
773 2528 908 2557 trement
927 2528 1074 2566 nutuque
1092 2529 1242 2566 reqentur
1263 2524 1268 2568 Ι
1287 2526 1392 2557 unius
1483 2526 1633 2558 778-782
1650 2526 1759 2558 Doro-

219 2580 322 2612 theus
337 2577 500 2611 C.C.A.G.
517 2587 555 2609 VI
571 2588 605 2619 p.
623 2578 666 2609 94
681 2577 768 2609 56—8
784 2580 820 2608 et
836 2587 891 2619 ap.
910 2577 1023 2618 Heph.
1040 2586 1052 2609 1
1070 2579 1082 2609 l
1102 2588 1135 2619 p.
1152 2578 1194 2608 59
1212 2577 1273 2608 1-3
1290 2578 1348 2608 ὑπὸ
1365 2578 1392 2608 δ’
1407 2577 1492 2617 αὐτῷ
1508 2579 1624 2609 ἔπλετο
1641 2580 1731 2610 πᾶσα
1751 2577 1757 2620 Ι

219 2632 414 2672 Καρχηδὼν,
429 2631 547 2670 Τυρίησ
564 2631 680 2660 Διδοῢσ
696 2631 767 2669 χερὶ
784 2630 977 2667 δωμηθεῖσα,
999 2628 1191 2671 Ι”Αμμωνοσ
1202 2630 1307 2669 Λιβύη
1323 2641 1369 2667 τε,
1387 2628 1550 2661 C.C.A.G.
1565 2638 1603 2661 IV
1615 2640 1648 2671 p.
1666 2630 1724 2661 181
1739 2630 1763 2662 9

219 2684 414 2724 Καρχηδὼν,
449 2683 554 2721 Λιβύη
583 2679 789 2719 Ἀμμωνιακή
880 2680 942 2712 778
977 2681 1123 2722 inferius
1152 2679 1258 2711 Libra
1292 2680 1388 2711 sidus
1417 2679 1579 2722 Scorpius
1613 2684 1761 2712 uocatur

219 2737 260 2766 ut
275 2733 384 2766 austri
401 2732 561 2774 partibus
578 2731 739 2773 propior:
764 2731 811 2762 sic
826 2740 854 2762 11
872 2732 933 2763 501
955 2741 1004 2773 sq.
1024 2731 1128 2764 Libra
1145 2755 1152 2762 .
1173 2755 1179 2762 .
1200 2755 1207 2762 .
1226 2731 1341 2763 animo
1351 2732 1522 2772 complexa
1536 2734 1581 2763 est
1594 2731 1756 2772 Scorpion

217 2785 310 2826 infra
399 2784 463 2815 779
479 2786 695 2822 aegyptique
711 2782 785 2820 GL2,
805 2786 940 2821 aegipti
956 2786 989 2822 L,
1009 2786 1155 2821 aegipta
1176 2786 1218 2814 M.
1314 2782 1459 2823 Aeqypti
1475 2783 1573 2820 latus,
1584 2782 1757 2821 Ἀμμωνοσ

220 2838 356 2878 Λιβύην,
388 2835 561 2874 regionem
602 2835 694 2866 inter
735 2833 996 2866 Catabathmon
1038 2834 1307 2876 Aegyptumque
1349 2835 1462 2865 sitam.
1512 2833 1598 2865 Plin.
1639 2833 1706 2866 n.h.
1734 2843 1759 2865 v
