1872 3183
538 157 1024 202 ASTRONOMICON
1057 159 1123 200 IV
1550 163 1599 200 17

231 274 274 311 et
293 269 434 310 studia
453 273 496 310 et
515 269 653 311 uarias
673 274 784 310 artes
804 284 856 311 ex
876 269 1019 311 ordine
1039 269 1227 312 reddam.

285 343 401 384 diues
420 342 610 384 fecundis
629 343 748 384 Aries
766 343 810 384 in
828 343 982 385 uellera
1001 344 1107 385 lanis

106 424 173 455 125
229 420 465 472 exutusque
484 416 605 458 nouis
624 432 789 458 rursum
809 432 927 472 spem
947 432 1109 473 semper
1128 417 1317 468 habebit,

231 491 573 546 naufragiumque
593 491 702 532 inter
721 491 910 533 subitum
930 506 1162 547 censusque
1181 492 1328 534 beatos

232 564 453 606 crescendo
472 564 597 606 cadet
617 570 659 606 et
678 566 790 607 uotis
809 565 853 606 in
873 565 1029 607 damna
1048 566 1218 616 feretur,

232 639 275 680 in
294 637 552 694 uulgumque
572 638 693 680 dabit
712 639 875 681 fructus
895 645 938 681 et
957 640 1068 681 mille
1087 655 1160 695 per
1180 645 1292 682 artes

69 806 206 847 tropica
227 806 297 838 sint
318 807 373 838 uel
395 806 546 848 duplicia
568 807 623 838 uel
644 807 765 845 solida,
788 808 839 839 ita
861 808 974 839 uarias
996 807 1176 839 hominum
1198 811 1332 840 mentes
1353 808 1485 840 efficere
1507 807 1603 839 dicit.

71 867 245 898 perpauca
261 868 340 889 cum
357 858 410 890 his
427 859 622 890 Manilianis
639 860 836 890 communia
852 859 984 891 habent
1000 859 1093 891 Vett.
1114 860 1188 891 Val.
1208 868 1221 891 1
1238 861 1270 898 2,
1287 859 1400 901 Heph.
1418 859 1525 892 Theb.
1545 868 1558 890 1
1577 860 1609 895 1,

72 908 235 940 C.C.A.G.
260 917 283 940 v
308 909 316 938 i
344 919 401 950 pp.
429 910 490 941 187
512 919 575 950 sq„
601 919 653 941 vn
675 920 733 951 pp.
758 911 912 948 194-213,
940 910 1044 942 Firm.
1072 919 1095 941 v
1124 912 1197 948 1-4‚
1226 919 1294 942 vm
1324 911 1440 943 18—30.
1489 913 1609 942 utrum

68 962 190 991 autem
202 960 349 991 orientia
360 963 466 1001 atque
478 960 745 1003 horoscopantia
757 971 868 993 mores
880 964 1040 1002 artesque
1052 962 1150 1003 signa
1160 962 1384 994 nascentibus
1395 962 1610 1004 ingenerent,

70 1011 162 1042 sicut
182 1014 294 1043 certas
314 1021 433 1044 eorum
454 1015 571 1054 partes
594 1023 650 1043 uu.
674 1013 806 1044 502-84
826 1015 862 1044 et
883 1015 984 1043 extra
1005 1012 1186 1044 zodiacum
1207 1014 1323 1054 posita
1343 1012 1456 1044 sidera
1476 1013 1564 1045 libro
1587 1021 1611 1044 v

69 1061 183 1093 facere
203 1061 408 1100 uidebimus,
431 1073 476 1094 an
495 1063 615 1094 Lunae
635 1066 729 1094 astro
748 1064 784 1094 in
803 1064 852 1094 eis
871 1063 1076 1101 constituto,
1097 1063 1192 1105 quod
1211 1074 1254 1095 ex
1274 1064 1357 1096 locis
1377 1064 1421 1095 ad
1442 1073 1470 1096 Π
1492 1064 1555 1096 726
1575 1066 1612 1095 et

71 1121 109 1144 lv
125 1112 188 1144 773
201 1115 238 1145 et
253 1114 316 1145 776
330 1113 456 1145 adlatis
471 1113 733 1155 adferendisque
747 1114 896 1155 colligas,
912 1118 1017 1155 poeta
1029 1125 1201 1156 nusquam
1216 1115 1307 1146 dixit
1322 1126 1330 1146 ε
1357 1114 1451 1156 apud
1465 1113 1611 1147 Sextum

67 1163 211 1203 quidem
236 1164 278 1196 95
301 1167 337 1196 et
362 1165 424 1196 102
447 1164 537 1196 idem
562 1167 615 1196 esi)
639 1165 655 1196 ὁ
678 1167 709 1196 ἐν
733 1166 890 1206 Παρθένῳ
906 1168 942 1196 et
960 1167 975 1196 ὀ
994 1166 1158 1206 Παρθένου
1175 1167 1425 1207 ὡροσκοπούσησ
1441 1168 1614 1206 ’γεννηθείσ

163 1214 223 1245 122
245 1225 414 1247 summum
436 1215 583 1252 colorem,
608 1216 804 1248 uniuersam
828 1216 995 1258 cuiusque
1025 1217 1285 1258 proprietatem,
1310 1220 1351 1249 ut
1378 1218 1445 1249 586
1467 1227 1615 1249 summa

68 1268 117 1296 est
137 1275 248 1297 rerum
268 1266 438 1306 referenda
451 1266 575 1307 fiqura,
598 1276 641 1298 111
661 1268 705 1298 56
727 1271 895 1308 exceptum
915 1278 937 1299 a
966 1277 1110 1300 summa
1140 1278 1181 1300 ne
1197 1268 1278 1309 quid
1296 1269 1424 1301 ratione
1444 1271 1614 1306 mancret3

68 1320 265 1357 sequuntur
283 1318 374 1349 enim
395 1328 453 1349 uu.
475 1318 628 1350 292-584
646 1319 868 1360 exceptiones
888 1319 922 1350 in
942 1319 1082 1350 decanis
1101 1322 1137 1350 et
1156 1320 1298 1360 singulis
1317 1319 1486 1360 partibus.
1534 1318 1613 1352 Sen.

69 1378 124 1409 ep.
148 1369 211 1399 114
231 1369 250 1400 3
269 1378 337 1400 non
352 1372 458 1409 potest
476 1369 568 1401 alius
587 1380 654 1401 esse
673 1371 816 1409 inqeniv,
838 1370 929 1402 alius
948 1371 1061 1402 animo
1080 1371 1177 1408 color,
1197 1371 1279 1402 dial.
1300 1380 1314 1402 1
1333 1372 1353 1402 2
1376 1372 1391 1402 1
1413 1371 1481 1410 (uir
1498 1370 1615 1411 fortis)

71 1419 234 1460 quidquid
256 1421 365 1452 euenit
387 1422 425 1452 z'n
446 1431 546 1452 suum
567 1420 705 1453 colorem
726 1420 838 1458 trahit,
863 1421 947 1453 Hor.
972 1432 1072 1453 serm.
1096 1431 1125 1454 11
1150 1424 1165 1453 1
1190 1423 1233 1454 60
1255 1423 1407 1463 quisquis
1429 1423 1490 1454 erit
1511 1423 1613 1459 uitae,

69 1469 222 1507 scribam,
241 1471 336 1502 color.
384 1471 485 1511 longe
502 1471 596 1502 aliud
613 1474 666 1503 est
683 1482 834 1503 summus
850 1473 936 1504 color
953 1472 1055 1504 Lucr.
1074 1481 1112 1504 IV
1131 1474 1172 1504 95
1189 1476 1226 1504 et
1243 1474 1318 1510 266,
1337 1483 1358 1504 a
1374 1483 1444 1514 quo
1461 1473 1526 1505 1100
1543 1483 1615 1505 11011

68 1521 235 1553 discreuit
254 1521 476 1554 Hofmannus
495 1522 581 1554 thes.
601 1523 683 1563 ling.
704 1523 782 1554 Lat.
801 1532 845 1554 111
863 1533 897 1564 p.
920 1525 1004 1555 1716
1021 1525 1064 1555 59
1157 1524 1218 1555 123
1235 1528 1354 1556 studia
1371 1529 1407 1557 et
1424 1525 1613 1562 Bentleius,

71 1575 182 1604 studii
199 1573 288 1605 libri.
336 1573 486 1604 contulit
506 1573 684 1605 Bentleius
705 1583 748 1605 111
771 1575 833 1605 148
849 1575 962 1606 studia
977 1578 1073 1614 atquc
1093 1578 1187 1612 artes,
1210 1584 1248 1607 IV
1271 1577 1334 1608 137
1355 1576 1432 1608 haec
1452 1576 1565 1608 studia
1586 1578 1615 1608 et

66 1624 196 1656 similes
214 1649 221 1656 .
241 1649 248 1656 .
269 1649 275 1656 .
294 1627 389 1661 artes,
406 1625 472 1656 526
483 1624 573 1657 dabit
583 1625 695 1656 studia
706 1625 855 1657 etdocta-s*
866 1625 1024 1666 producet
1035 1626 1078 1658 ad
1088 1630 1184 1663 artes,
1207 1627 1273 1658 244
1290 1630 1373 1658 orte-s
1389 1627 1612 1669 studiumque.

69 1676 176 1707 studii
186 1679 271 1707 artes
282 1686 371 1716 quae
382 1676 453 1707 sint
462 1686 532 1707 non
543 1676 766 1717 intellegitur,
778 1686 890 1717 neque
901 1680 1081 1717 praeterea
1091 1677 1253 1709 Manilius
1263 1678 1328 1710 hac
1339 1678 1490 1719 genetiui
1501 1678 1615 1710 forma

70 1736 153 1758 usus
171 1729 224 1758 est
242 1726 307 1758 nisi
326 1726 362 1758 in
381 1727 513 1759 Graeco
531 1727 801 1758 dodecatemorii
824 1728 995 1760 uocabulo
1087 1728 1237 1760 124—139
1254 1729 1352 1760 Aries
1371 1732 1411 1760 ut
1430 1729 1561 1770 laniger
1578 1732 1615 1761 et

69 1777 246 1810 Mineruae
263 1778 376 1809 tutela
393 1779 434 1817 (11
451 1778 530 1818 439)
547 1778 745 1815 lanificium,
764 1781 804 1809 ut
821 1779 992 1820 tropicum
1011 1779 1145 1820 signum
1165 1781 1222 1819 (111
1238 1781 1384 1820 617-82)
1400 1781 1615 1813 mutationes

66 1829 196 1861 tribuit
287 1829 348 1860 124
372 1829 530 1870 secundis
560 1831 598 1861 in
628 1830 762 1867 uellera,
797 1831 857 1862 161
891 1832 928 1862 in
958 1834 1002 1861 tot
1025 1831 1168 1872 fecundi
1185 1857 1191 1863 .
1212 1856 1218 1863 .
1239 1857 1246 1863 .
1265 1836 1457 1870 commenta,
1489 1841 1518 1864 ΙΙ
1548 1834 1615 1864 557

68 1882 109 1913 2²72
120 1881 253 1913 totidem
258 1881 425 1922 fecundus
444 1906 450 1912 .
471 1906 477 1912 .
498 1906 504 1912 .
524 1880 638 1918 hostes,
651 1890 695 1913 111
706 1883 771 1913 595
783 1880 833 1913 bis
843 1882 1070 1922 quadraqenos
1087 1907 1093 1914 .
1114 1907 1120 1914 .
1141 1907 1147 1914 .
1166 1883 1261 1915 diues
1273 1884 1310 1915 in
1321 1887 1414 1915 actus
1503 1883 1614 1916 Varro

70 1941 126 1963 r.r.
148 1940 176 1963 11
200 1932 237 1963 11
260 1933 280 1963 9
300 1942 400 1972 quam
421 1932 565 1971 (13113111)
587 1932 753 1972 demptam
782 1942 819 1963 ac
840 1932 1066 1973 conylobatam
1085 1934 1150 1965 alii
1169 1934 1326 1972 uellera,
1358 1935 1423 1966 alii
1451 1934 1615 1967 uellimna

70 1982 243 2023 appellant
335 1983 394 2014 125
423 1986 525 2015 nouis
546 1983 620 2020 GL²‚
642 1986 741 2015 nobis
762 1987 830 2015 LM.
880 1983 888 1997 ‘
901 1984 986 2025 quid
1008 1984 1093 2016 illud
1118 1989 1234 2016 exutus
1257 1987 1357 2017 nouis
1378 1986 1468 2018 lanis
1484 1989 1498 2018 ἲ
1520 1989 1614 2018 certe

68 2036 197 2065 exutus
228 2033 416 2071 ueteribus;
460 2034 488 2065 si
518 2034 610 2066 enim
642 2037 829 2072 exuuntur,
861 2045 931 2066 non
962 2039 1045 2067 sunt
1076 2046 1188 2068 nouae
1203 2036 1211 2050 ’
1245 2037 1422 2068 Bentleius
1437 2049 1446 2075 3
1490 2040 1614 2069 eontra

69 2084 256 2117 Stoeberus
279 2084 287 2097 ⁶
302 2084 393 2116 habet
414 2096 506 2125 spem
526 2087 626 2117 nouis
647 2086 746 2123 lanis,
770 2090 886 2118 exutus
907 2087 978 2118 scil.
1000 2090 1122 2119 ueteres
1134 2087 1154 2125 ’‚
1177 2088 1212 2118 in
1229 2098 1300 2129 qua
1320 2088 1476 2120 oratione
1497 2088 1613 2120 locum

67 2146 142 2168 non
158 2136 285 2168 habere
302 2146 363 2177 que
379 2137 659 2168 coniunctionem
676 2147 789 2178 neque
806 2138 878 2178 ipse
895 2138 1003 2170 sensit
1019 2149 1131 2180 neque
1149 2142 1229 2179 post
1245 2149 1323 2171 eum
1343 2139 1532 2180 Pingraeus
1549 2142 1613 2171 aut

72 2187 257 2219 Breiterus.
304 2187 467 2219 nimirum
494 2188 578 2219 ordo
603 2190 657 2219 est
682 2189 843 2229 nouisque
860 2199 997 2220 rursum
1014 2189 1104 2221 lanis
1120 2189 1216 2221 diues
1232 2191 1395 2231 quotiens
1413 2193 1530 2222 exutus
1546 2194 1611 2222 est.

72 2239 220 2271 Basilius
249 2238 342 2271 hom.
365 2247 403 2270 vl
424 2239 460 2270 in
488 2238 565 2271 hex.
589 2249 622 2280 p.
645 2241 722 2273 550
743 2239 796 2271 ed.
828 2239 945 2277 Garn..
967 2240 1073 2281 Mign.
1104 2243 1194 2282 patr.
1207 2240 1265 2273 Gr.
1293 2249 1384 2273 xxlx
1405 2251 1438 2282 p.
1464 2241 1526 2274 130
1539 2250 1571 2279 c,
1597 2243 1613 2274 ὁ

66 2292 157 2322 4δεῖνα.
174 2293 282 2330 οὗλοσ,
309 2292 399 2330 φησὶ,
424 2292 483 2329 τὴν
506 2292 602 2331 τρίχα
621 2293 674 2322 καὶ
693 2292 854 2332 χαροπόσ·
889 2293 987 2332 Κριοῦ
1001 2293 1064 2332 ’γὰρ
1081 2293 1148 2331 ἕχει
1164 2294 1222 2330 τὴν
1240 2294 1321 2333 ὥραν
1337 2292 1611 2334 (horoscopum).

69 2345 213 2373 τοιοῦτον
245 2343 277 2373 δέ
308 2354 380 2373 πωσ
411 2343 548 2381 ὀφθῆναι
578 2343 615 2373 τὸ
645 2341 736 2382 ζῷον.
784 2343 871 2374 ἀλλὰ
901 2344 954 2374 καὶ
984 2344 1210 2383 μεγαλόφρων·
1250 2345 1360 2382 ἐπειδὴ
1376 2345 1564 2384 ἡγεμονικὸν
1596 2345 1613 2376 ὁ

73 2395 188 2433 Κριόσ·
213 2395 265 2425 καὶ
288 2395 458 2434 προετικὸσ
481 2395 533 2425 καὶ
557 2395 656 2425 πάλιν
679 2395 880 2434 ποριστικόσ·
912 2396 1023 2432 ἐπειδὴ
1044 2396 1082 2426 τὸ
1104 2394 1183 2435 ζῷον
1204 2398 1297 2427 τοῦτο
1316 2397 1367 2427 καὶ
1389 2397 1611 2427 ἀποτίθεται

70 2446 209 2476 &Mn-we
251 2445 297 2475 τὸ
338 2445 453 2483 ἔριον
499 2446 552 2475 καὶ
590 2445 724 2475 πάλιν
762 2445 848 2484 παρὰ
885 2446 947 2482 τῆσ
985 2447 1116 2484 φύσεωσ
1153 2446 1271 2486 ρᾳδίωσ
1317 2447 1611 2486 ἐπαμφιέννυται

96 2520 101 2526 .
165 2494 226 2525 126
256 2504 322 2531 que
350 2495 461 2535 priore
489 2495 565 2526 loco
593 2495 693 2527 codd.
723 2495 814 2527 Flor.
844 2498 881 2527 et
910 2495 1021 2533 Bodl.,
1054 2505 1121 2528 om.
1154 2499 1250 2534 GLM,
1280 2497 1366 2528 inter
1392 2497 1611 2538 naufraqium

74 2545 158 2577 fecit
185 2545 221 2577 in
249 2548 273 2577 1.
298 2555 422 2577 manus
450 2546 688 2578 recentissima
776 2547 995 2588 nausraqium
1021 2546 1240 2579 fortunarum
1272 2548 1467 2588 similiaque
1494 2547 1612 2581 Cicero

69 2596 164 2628 'dixit
257 2596 316 2628 127
337 2600 439 2629 cadet
457 2597 556 2629 codd.
575 2597 666 2629 Flor.
685 2600 721 2629 et
739 2597 851 2635 Bodl.,
874 2601 969 2630 cadit
989 2601 1071 2630 GLM
1161 2602 1255 2631 uotis
1275 2603 1321 2636 M,
1341 2602 1436 2631 uatis
1456 2603 1489 2637 L,
1510 2604 1613 2632 uates

74 2648 122 2685 L²‚
143 2650 239 2680 natis
256 2651 291 2679 G.
338 2649 435 2685 uotis,
454 2648 503 2680 eis
520 2658 610 2690 quae
628 2649 766 2680 nouerit
783 2649 898 2687 lucris,
917 2649 982 2681 hoc
1000 2652 1054 2681 est
1072 2650 1203 2690 optarit
1220 2653 1257 2682 et
1273 2650 1398 2691 cupide
1416 2651 1611 2692 expetierit,

75 2702 116 2730 ut
135 2698 237 2731 Ouid.
257 2701 340 2730 met.
359 2707 399 2730 XI
421 2700 483 2731 128
503 2699 640 2741 effuqere
659 2703 750 2740 optat
768 2709 845 2740 opes
869 2703 908 2737 et,
928 2710 1011 2741 quae
1029 2701 1124 2732 modo
1148 2704 1315 2739 uouerat,
1337 2702 1415 2734 odit.
1462 2701 1542 2734 uide
1568 2711 1614 2734 111

73 2751 139 2781 527
151 2760 309 2791 quaeque
321 2749 368 2781 ibi
382 2749 560 2788 adnotani,
572 2751 698 2791 quibus
711 2751 880 2783 accedant
892 2751 969 2783 Sen.
982 2751 1070 2792 Thy.
1086 2753 1159 2789 752,
1173 2752 1256 2784 Luc.
1269 2761 1322 2784 vn
1335 2754 1409 2785 299.
1456 2756 1610 2786 ceterum

73 2801 168 2842 quod
189 2801 261 2842 ipse
282 2801 380 2833 Aries
401 2801 436 2832 id
458 2802 532 2842 pati
553 2801 696 2843 fingitur
716 2802 808 2843 quod
831 2802 1016 2843 patiuntur
1036 2802 1193 2836 homines
1214 2814 1256 2835 ex
1277 2813 1318 2835 eo
1339 2804 1426 2841 nati,
1448 2804 1491 2836 de
1513 2815 1555 2836 ea
1577 2815 1612 2836 re

69 2851 186 2884 dicam
210 2852 254 2884 ad
276 2863 309 2884 u.
336 2853 398 2884 149
490 2852 550 2883 128
572 2856 720 2892 uulgum
742 2857 786 2891 M,
808 2856 970 2892 iugulum
991 2857 1050 2892 GL,
1074 2854 1168 2896 quod
1190 2855 1249 2896 qui
1272 2855 1403 2896 primus
1424 2856 1554 2897 recepit
1575 2859 1613 2888 et

833 2917 855 2940 B
