1872 3183
612 155 1098 200 ASTRONOMICON
1130 155 1195 197 IV
1623 153 1675 191 67

178 272 248 304 535
356 266 391 307 si
409 267 477 308 cui
495 281 569 322 per
587 281 774 308 summas
794 266 944 309 auidus
964 265 1213 321 produxerit
1233 263 1368 306 undas

304 355 376 382 ora
395 341 479 382 Leo
499 346 542 382 et
561 340 739 383 scandat
758 341 879 382 malis
897 339 1158 382 hiscentibus
1177 338 1335 387 orbem,

304 414 371 455 ille
389 415 502 470 patri
521 415 717 470 natisque
736 430 843 464 reus,
864 429 970 470 quas
989 414 1147 469 ceperit
1167 413 1269 468 ipse,

304 503 390 530 non
409 488 565 543 legabit
584 504 697 544 opes,
717 503 972 544 censumque
992 489 1198 543 inmerget
1216 487 1260 528 in
1279 487 1383 541 ipso.

305 567 429 604 tanta
448 563 581 604 fames
600 563 873 618 animumque
892 563 976 604 cibi
995 568 1087 604 tam
1106 562 1198 603 dira
1216 560 1371 616 cupido

180 643 249 674 540
304 637 489 692 corripit,
510 642 560 678 ut
578 637 721 693 capiat
740 642 873 679 semet
892 651 967 678 nec
988 636 1201 691 compleat
1220 648 1437 689 umquam,

306 711 432 766 inque
452 711 596 766 epulas
616 712 743 753 funus
762 717 931 753 reuocet
950 711 1219 766 pretiumque
1238 708 1430 764 sepulc-ri.

361 785 541 840 Erigone
560 800 745 840 surgens,
767 800 876 840 quae
896 785 1006 826 rexit
1025 783 1191 826 saecula
1211 784 1346 839 prisca

187 910 336 941 535—541
357 910 481 942 Leonis
500 914 599 952 parte
619 911 731 952 prima
751 911 882 942 oriente
902 912 1094 941 nascuntur
1113 908 1319 940 comedones
1338 911 1374 939 et
1394 906 1538 948 prodigi.
1588 905 1679 937 Petr.

142 962 186 993 39
206 962 226 993 9
246 961 284 993 in
302 962 410 993 Leone
423 962 625 1002 cataphaqae
642 966 826 993 nascuntur
917 962 978 992 535
999 965 1055 993 cui
1072 960 1234 1001 Scaliger,
1256 963 1317 998 qui
1336 959 1414 990 libri
1505 958 1566 989 537
1587 960 1683 995 patri

142 1016 309 1051 natisque
340 1017 410 1051 LM,
444 1018 558 1053 patris
591 1017 687 1046 natis
720 1017 755 1045 G.
801 1013 894 1053 patri
925 1012 1078 1052 nati-sque
1109 1021 1195 1049 reus,
1234 1021 1354 1042 eorum
1387 1008 1684 1052 postulationibus

143 1063 315 1096 obnoxius
406 1065 467 1096 538
500 1068 635 1104 legabit
653 1089 661 1097 .
679 1089 687 1098 .
707 1089 714 1097 .
732 1074 942 1103 censumque
976 1067 1152 1101 inmerget
1191 1066 1227 1099 G,
1273 1065 1410 1100 legauit
1427 1085 1436 1094 .
1454 1085 1462 1093 .
1481 1085 1490 1093 .
1506 1069 1684 1097 censuque

145 1118 315 1154 inmergit
331 1119 389 1148 ΒΜ
479 1119 557 1155 ipso
578 1116 663 1153 ΠΜ,
685 1120 764 1155 ipsa
786 1120 835 1148 GL
925 1114 1025 1148 Ouid.
1051 1118 1133 1145 met.
1154 1122 1222 1145 VIII
1244 1114 1308 1145 846
1330 1113 1472 1145 demisso
1493 1112 1531 1143 in
1553 1111 1684 1143 uiscera

143 1176 254 1204 censu,
278 1167 355 1198 qu.
378 1175 419 1198 XI
440 1168 546 1199 39—41
571 1178 644 1199 aere
664 1170 802 1207 paterno
824 1166 828 1210 Ι
849 1176 887 1198 ac
908 1166 1004 1198 rebus
1026 1166 1143 1197 mersis
1165 1165 1203 1197 in
1225 1168 1372 1196 uentrem
1388 1163 1541 1205 faenoris
1562 1165 1657 1203 atque
1677 1161 1682 1204 l

143 1219 272 1258 arqenti
288 1218 404 1259 θναταῖς
423 1222 451 1250 et
467 1229 623 1259 pecorum
641 1228 858 1259 amorumque
875 1227 1030 1257 capacem
1120 1216 1182 1248 539
1202 1219 1270 1248 cibi
1289 1216 1326 1247 F.
1347 1215 1481 1253 Iunius,
1496 1217 1564 1246 sibi
1582 1213 1661 1245 libri
1676 1225 1684 1249 ;

145 1269 295 1311 Scaliger
318 1273 354 1301 et
378 1269 467 1302 hanc
491 1270 770 1301 emendationem
794 1273 830 1301 et
854 1268 1025 1311 quidquid
1049 1278 1198 1309 usquam
1221 1268 1258 1299 in
1281 1267 1374 1298 Iunii
1398 1265 1686 1298 adnotationibus

144 1320 365 1361 probandum
405 1321 554 1353 duxerat
592 1321 729 1353 furatus
769 1324 822 1352 est
912 1321 1066 1352 animum
1102 1321 1166 1351 ἀπὸ
1204 1321 1308 1351 κοινοῦ
1339 1318 1494 1360 positum
1528 1316 1686 1348 Bentleio

145 1371 326 1403 offensioni
343 1382 416 1404 esse
432 1383 502 1404 non
519 1373 652 1410 debuit,
670 1374 730 1413 qui
748 1372 830 1404 Hor.
851 1382 950 1403 serm.
970 1380 983 1402 1
999 1373 1020 1402 4
1039 1372 1100 1403 133
1118 1380 1168 1411 sq.
1187 1370 1352 1402 edidisset
1374 1379 1450 1401 cum
1471 1368 1608 1399 lectulus
1629 1370 1687 1399 aut

145 1433 196 1454 me
217 1421 222 1465 Ι
239 1423 388 1463 porticus
406 1424 530 1463 esccepit
545 1436 553 1460 ;
586 1423 664 1454 uide
683 1424 791 1454 etiam
808 1422 941 1454 Manilii
959 1422 1052 1453 locos
1070 1421 1115 1452 ad
1134 1430 1162 1452 11
1180 1422 1222 1452 29
1241 1420 1378 1452 adlatos
1468 1419 1532 1450 540
1549 1419 1686 1450 diuerso

145 1485 248 1505 sensu
271 1478 370 1506 semet
392 1485 472 1506 cum
496 1475 655 1516 capiendi
678 1474 944 1516 complendique
969 1473 1083 1504 uerbis
1107 1473 1260 1514 ponitur,
1286 1470 1583 1513 quemadmodum
1606 1470 1687 1502 deus

147 1535 160 1557 1
175 1527 217 1558 50
233 1529 268 1557 et
283 1527 430 1558 mundus
445 1535 474 1558 II
491 1527 552 1558 127
569 1537 618 1567 sq.
636 1526 810 1568 duplicem
826 1525 932 1556 habet
947 1524 1173 1556 intellectum.
1222 1526 1259 1554 ut
1272 1523 1386 1563 capiat
1399 1525 1509 1560 semet,
1525 1524 1566 1553 ut
1580 1521 1689 1563 patri·

146 1578 253 1608 monii
269 1578 323 1609 sui
339 1577 543 1609 comedendi
559 1588 671 1619 capax
682 1578 728 1609 sit
742 1577 856 1608 Leone
871 1586 931 1607 ora
945 1576 1158 1617 producente
1172 1578 1288 1612 natus,
1303 1584 1361 1606 riec
1375 1576 1484 1611 semet,
1499 1573 1688 1615 ingluuiem

145 1638 256 1666 suam,
275 1628 436 1668 compleat
453 1638 622 1669 umquam.
670 1628 755 1660 illud
773 1638 816 1659 ex
834 1638 875 1659 eo
894 1627 1129 1667 metonymiae
1151 1636 1274 1668 genere
1291 1629 1345 1657 est
1367 1626 1465 1657 cuius
1489 1624 1688 1665 exemplum

145 1679 263 1720 posuit
288 1679 522 1717 Quintilianus
545 1680 626 1710 inst.
652 1688 720 1710 VIII
744 1680 763 1710 6
788 1679 830 1710 25
853 1688 875 1709 a
896 1687 1082 1718 possessore
1104 1677 1191 1718 quod
1212 1677 1412 1717 possidetur,
1438 1679 1473 1706 ut
1498 1675 1506 1687 ‘
1521 1675 1688 1707 hominem

145 1730 322 1768 deuorari,’
339 1731 437 1762 cuius
450 1731 695 1770 patrimonium
710 1733 924 1761 consumatur
938 1742 946 1767 ;
976 1729 1090 1769 capiat
1105 1731 1224 1760 autem
1239 1729 1286 1760 sic
1303 1727 1431 1759 dicitur
1446 1730 1486 1759 ut
1501 1726 1578 1759 Sen.
1596 1726 1684 1766 Thy.

150 1782 234 1813 1040
254 1781 311 1813 hoc
331 1784 376 1813 est
394 1781 480 1822 quod
499 1782 624 1814 auidus
643 1791 758 1821 capere
777 1791 845 1812 riori
862 1781 972 1820 potuit
988 1783 1095 1820 pater,
1115 1790 1168 1821 ep.
1190 1780 1233 1811 83
1256 1780 1295 1810 18
1314 1789 1415 1819 quam
1434 1781 1530 1818 turpe
1547 1777 1591 1809 sit
1607 1777 1689 1817 plus

146 1832 213 1864 sibi
232 1833 377 1873 ingerere
395 1843 496 1874 quam
516 1833 640 1872 capiat,
662 1833 744 1864 Hor.
768 1842 867 1863 serm.
891 1840 904 1863 Ι
926 1833 941 1863 l
964 1832 1007 1862 46
1028 1841 1096 1862 non
1115 1834 1194 1862 tuus
1211 1829 1269 1861 hoc
1289 1829 1398 1869 capiet
1417 1832 1531 1860 uenter
1548 1828 1628 1868 plus
1648 1838 1686 1859 ac

146 1894 251 1921 meus,
277 1884 405 1925 quibus
431 1883 520 1916 adde
546 1884 749 1915 quenalem
776 1883 821 1914 ad
848 1894 880 1914 u.
908 1883 974 1914 538
1000 1882 1194 1913 laudatum.
1242 1881 1307 1913 hoc
1335 1880 1486 1922 Scaliger
1511 1890 1591 1911 cum
1617 1889 1688 1911 non

146 1934 372 1976 intellegeret,
402 1934 468 1966 sibi
497 1936 613 1966 animo
642 1934 846 1966 informauit
868 1933 1100 1975 Erysicthona
1121 1933 1272 1974 aliquem
1293 1932 1433 1974 propria
1454 1930 1610 1962 membra
1631 1930 1689 1961 de-

146 1989 331 2017 uorantem
343 1998 352 2024 3
375 1985 470 2026 quod
480 1987 540 2027 qui
550 1986 643 2017 solus
654 1996 759 2027 quam
772 1985 943 2017 absonum
952 1988 1043 2016 esset
1053 1987 1089 2016 et
1100 1994 1121 2015 a
1131 1984 1264 2025 reliqua
1273 1983 1339 2015 loci
1350 1983 1525 2014 sententia
1537 1981 1688 2013 alienum

147 2037 256 2068 sensit
274 2037 452 2069 Bentleius
469 2047 588 2069 uersus
606 2038 670 2069 539
688 2040 724 2068 et
741 2038 817 2074 540,
836 2035 1009 2078 quaedam
1027 2036 1063 2067 in
1080 2036 1128 2066 eis
1145 2035 1391 2071 calumniatus,
1410 2033 1550 2065 deleuit.
1599 2042 1689 2073 quae

147 2088 357 2120 defensionis
384 2089 681 2129 enarrationisque
710 2088 785 2119 loco
814 2087 859 2119 ab
887 2087 1017 2119 Iacobo
1046 2089 1082 2118 et
1111 2086 1230 2117 Ellisio
1259 2085 1397 2127 prolata
1425 2087 1508 2116 sunt
1536 2084 1687 2115 omitto:

148 2140 296 2171 Breiteri
319 2139 506 2181 explicatio
531 2140 677 2171 notitiae
702 2149 772 2170 non
797 2142 850 2170 est
875 2137 1124 2175 subtrahenda,
1150 2137 1211 2178 qui
1236 2137 1349 2176 capiat
1373 2139 1471 2167 semet
1496 2134 1541 2166 ad
1565 2134 1691 2175 cupido

147 2191 297 2223 relatum
319 2191 571 2233 interpretatur
595 2191 697 2233 ‘geht
720 2190 805 2223 iiber
827 2190 900 2222 sich
922 2189 1080 2226 hinaus’,
1104 2188 1139 2220 id
1162 2192 1216 2220 est
1236 2190 1335 2219 semet
1353 2197 1423 2218 nori
1441 2187 1556 2227 capiat

193 2243 254 2274 541
281 2246 405 2281 epulas
431 2247 476 2279 Μ,
503 2246 608 2281 epula
640 2245 690 2274 GL
779 2245 885 2274 funus
917 2245 989 2278 GM,
1014 2244 1132 2272 fumus
1157 2243 1181 2271 L
1206 2238 1281 2271 cod.
1302 2238 1456 2270 Venetus
1546 2241 1690 2270 reuocet

147 2293 232 2332 ΒΖΜ,
247 2297 373 2326 reticet
386 2297 409 2326 L
422 2293 497 2325 cod.
511 2294 676 2331 Venetus,
690 2296 815 2326 retitet
829 2296 865 2330 G,
879 2292 1000 2332 rediqet
1014 2291 1192 2323 Bentleius
1205 2289 1383 2332 ingeniosa
1396 2299 1479 2321 sane
1489 2288 1691 2321 coniectura

148 2344 209 2376 sed
235 2355 327 2377 nunc
354 2345 528 2387 explicato
555 2345 781 2386 stabilitoque
807 2344 982 2385 superiore
1009 2353 1110 2374 uersu
1138 2340 1329 2373 abicienda.
1377 2343 1514 2378 reuocet,
1541 2339 1689 2382 redigat,

148 2395 184 2427 id
201 2399 255 2428 est
271 2399 466 2434 conuertat,
479 2406 560 2428 cum
576 2397 612 2428 in
630 2396 682 2428 his
696 2399 736 2427 ut
750 2397 786 2427 in
800 2394 966 2427 reddendi
979 2393 1148 2425 referendi
1162 2392 1342 2435 repetendi
1355 2392 1470 2424 uerbis
1483 2392 1536 2423 uis
1549 2392 1691 2433 propria

148 2457 181 2478 re
197 2447 389 2488 particulae
405 2447 500 2479 haud
516 2458 593 2479 raro
609 2449 807 2484 euanescat,
825 2449 865 2478 ut
882 2455 952 2477 non
968 2445 1119 2477 multum
1136 2443 1274 2476 intersit
1290 2444 1381 2475 inter
1397 2443 1497 2474 Lucr.
1513 2451 1536 2474 v
1553 2443 1618 2474 255
1635 2452 1685 2483 sq.

145 2507 229 2538 pars
253 2498 352 2530 etiam
383 2498 551 2539 ylebarum
583 2499 628 2531 ad
658 2498 825 2531 diluuiem
847 2500 1049 2529 reuocatur
1069 2494 1256 2539 [imbribus
1288 2498 1324 2526 et
1348 2494 1416 2527 Cic.
1441 2495 1479 2526 in
1503 2493 1579 2526 Cat.
1605 2502 1620 2525 1
1646 2494 1686 2525 12

147 2549 271 2589 templa
286 2549 421 2581 deorum
436 2549 687 2587 immortalium,
704 2552 786 2581 tecta
801 2548 904 2585 urbis,
923 2548 1030 2579 uitam
1045 2547 1197 2578 omnium
1212 2545 1353 2583 ciuium,
1374 2544 1514 2576 Italiam
1528 2546 1630 2575 totam
1645 2544 1691 2575 ad

149 2601 289 2632 exitium
305 2603 334 2632 et
349 2600 539 2632 uastitatem
554 2610 678 2632 uocas.
726 2601 763 2632 in
778 2600 898 2642 epulas
922 2599 1067 2630 insumit
1082 2599 1190 2630 etiam
1207 2596 1301 2638 quod
1318 2596 1364 2628 ad
1379 2595 1510 2628 funeris
1526 2594 1689 2637 sepulcri-

148 2661 216 2693 que
226 2652 401 2693 impensas
411 2651 659 2683 reseruandum
669 2654 746 2683 erat
825 2650 976 2682 542-546
988 2649 1136 2691 Virginis
1146 2651 1247 2690 parte
1259 2647 1372 2690 prima
1383 2647 1515 2679 oriente
1527 2647 1690 2678 nascetur

149 2703 230 2735 talis
253 2702 366 2744 qualis
388 2702 458 2734 fuit
480 2703 608 2741 Numa,
632 2713 692 2734 rex
715 2702 808 2734 idem
831 2705 867 2734 et
884 2701 1043 2744 pontifex
1065 2704 1102 2733 et
1123 2700 1275 2738 flamen;
1307 2709 1394 2740 quos
1423 2699 1516 2730 enim
1539 2697 1692 2740 Scaliger

149 2753 204 2786 hic
228 2754 386 2796 agnoscit
408 2753 669 2786 iurisconsultos
688 2756 724 2786 et
747 2753 917 2791 aedituos,
942 2752 1027 2784 mihi
1047 2761 1117 2784 non
1134 2753 1372 2793 apparuerunt
1462 2749 1524 2780 542
1548 2752 1689 2788 erigone

149 2805 224 2842 (312²,
240 2808 419 2844 erigonem
434 2809 467 2841 L,
484 2809 651 2843 erigonen
666 2809 708 2837 M.
758 2804 931 2846 Erigonen
946 2804 1117 2840 nominat,
1133 2802 1266 2844 cogitat
1282 2801 1477 2837 Astraeam,
1493 2809 1583 2841 quae
1599 2799 1690 2831 duae

148 2857 186 2887 in
209 2857 385 2899 Virginem
408 2856 591 2888 caelestem
615 2856 828 2888 coaluerunt.
876 2855 998 2887 eadem
1022 2853 1223 2886 confusione
1247 2852 1421 2885 Ausonius
1445 2852 1510 2883 248
1535 2852 1554 2883 6
1578 2851 1690 2893 (Peip.
