1872 3183
548 132 1035 176 ASTRONOMICON
1065 132 1132 175 IV
1558 135 1611 173 97

238 245 434 286 cinnama
454 258 530 285 nec
550 243 654 284 totis
673 243 830 298 passim
849 242 1066 284 nascentia
1084 241 1244 297 campis
1263 255 1272 291 3

240 318 425 360 diuersas
444 317 655 372 pecudum
675 317 802 359 facies
821 317 1095 372 propriasque
1114 316 1298 357 ferarum

118 399 185 431 740
241 397 284 434 et
304 391 460 447 duplici
478 391 643 433 clausos
663 390 908 446 elephantas
928 405 1090 432 carcere
1110 395 1258 432 terrae.

243 471 349 521 quot
367 470 510 520 partes
531 465 655 515 orbis,
676 465 856 506 totidem
876 465 954 506 sub
974 464 1166 519 partibus
1186 464 1319 513 orbes,

242 545 291 581 ut
309 539 433 581 certis
453 539 655 594 discripta
675 538 814 580 nitent
832 538 1069 593 regionibus
1090 543 1204 579 astra

241 613 586 669 perfunduntque
607 627 682 654 suo
702 613 914 654 subiectas
934 627 1028 653 aere
1047 617 1205 667 genteS.

297 687 473 742 Laniger
492 687 536 728 in
556 687 694 728 medio
714 687 887 728 sortitus
907 686 1042 727 sidera
1062 686 1234 735 mundo,

79 831 280 871 donantem,
307 833 386 865 uide
412 833 456 865 ad
483 842 511 865 11
536 834 576 865 41
605 833 774 864 adnotata
864 833 926 864 738
952 833 1109 864 cinnama
1132 841 1189 863 nec
1206 831 1291 869 totis,
1309 834 1345 863 et
1365 831 1524 862 cinnama
1544 838 1614 861 non

76 884 172 915 totis.
220 885 392 916 contraria
429 888 534 925 atque
571 885 606 915 in
647 894 679 915 u.
720 884 785 915 736
823 883 955 915 ratione
997 883 1194 914 coniunctio
1233 892 1303 913 non
1341 892 1402 913 suo
1440 881 1515 912 loco
1554 879 1615 911 sed

81 936 180 966 iuxta
210 945 287 967 eam
317 945 437 967 uocem
468 936 612 977 ponitur
651 934 695 966 ad
727 944 834 975 quam
872 935 1025 976 pertinet
1063 934 1213 975 negatio,
1248 936 1288 964 ut
1322 932 1404 964 Luc.
1440 940 1508 964 vm
1549 932 1613 964 303

81 985 212 1025 spicula
244 995 301 1017 nec
335 986 404 1018 solo
437 989 602 1026 sparyunt
627 985 772 1026 fidentia
798 985 901 1026 ferro,
936 985 1010 1016 Val.
1046 984 1095 1016 Fl.
1129 993 1197 1016 vm
1227 985 1291 1015 225
1325 983 1446 1024 incipit
1480 982 1614 1015 Idaliae

81 1047 205 1068 numen
226 1047 283 1069 nec
306 1047 457 1078 spernere
479 1037 579 1069 diuae
605 1038 655 1077 (et
679 1037 802 1078 incipit
826 1046 896 1068 non
920 1037 1092 1077 spernere)
1184 1036 1247 1067 739
1267 1035 1422 1067 diuersas
1442 1044 1504 1076 pro
1525 1034 1617 1065 loco-

82 1098 158 1119 rum
182 1087 393 1127 diuersitate,
418 1088 558 1130 singulis
581 1087 663 1120 locis
684 1088 844 1128 proprias
933 1088 996 1119 740
1025 1091 1163 1120 clausos
1197 1086 1295 1119 codd.
1322 1086 1410 1118 Flor.
1436 1089 1472 1117 et
1506 1085 1621 1122 Bodl.‚

84 1149 209 1172 causas
237 1144 321 1172 GLM
411 1143 618 1179 elephantas
648 1143 693 1177 M,
719 1143 946 1178 elephantum
979 1143 1028 1171 GL
1118 1138 1199 1170 Isid.
1227 1138 1308 1179 orig.
1333 1146 1387 1169 ΧΠ
1413 1138 1433 1168 2
1461 1138 1500 1168 16
1526 1137 1619 1177 apud

81 1191 188 1222 solam
221 1191 374 1232 Africam
406 1194 434 1222 et
471 1190 611 1223 Indiam
647 1190 812 1231 elephanti
839 1191 939 1231 prius
969 1189 1197 1227 nascebantur,
1224 1199 1314 1220 nunc
1339 1189 1410 1220 sola
1435 1199 1486 1220 eos
1513 1188 1619 1219 India

83 1242 197 1282 yiynit,
223 1242 327 1274 Arist.
355 1242 396 1273 de
422 1242 503 1274 cael.
532 1251 560 1274 Π
584 1252 617 1283 Ρ.
640 1243 720 1274 298ἃ
750 1243 836 1275 9-15
866 1244 914 1274 διὸ
939 1244 1016 1274 τοὺσ
1043 1243 1337 1282 ὑπολαμβάνοντασ
1364 1241 1535 1272 συνάπτειν
1564 1242 1619 1271 τὸν

84 1296 155 1334 περὶ
179 1295 242 1325 τὰσ
263 1294 478 1334 Ἠρακλείουσ
504 1295 631 1332 στήλασ
654 1295 750 1325 τόπον
773 1293 818 1334 τῷ
835 1295 906 1335 περὶ
926 1296 983 1332 τὴν
998 1294 1134 1331 Ἰνδικὴν
1152 1316 1159 1323 .
1180 1316 1187 1323 .
1207 1316 1214 1322 .
1231 1294 1274 1331 μὴ
1290 1295 1362 1324 λίαν
1380 1292 1620 1332 ὑπολαμβάνειν

84 1347 207 1376 ἄπιστα
232 1347 344 1377 δοκεῖν·
391 1347 522 1385 λέγουσι
552 1347 585 1377 δὲ
613 1347 848 1386 τεκμαιρόμενοι
878 1347 928 1376 καὶ
945 1347 1016 1377 τοΐσ
1044 1346 1208 1384 ἐλέφασιν,
1241 1346 1289 1375 ὅτι
1314 1346 1386 1384 περὶ
1417 1344 1621 1383 ἀμφοτέρουσ

84 1399 162 1428 τοὺσ
194 1397 315 1428 τόπουσ
346 1399 424 1428 τοὺο·
456 1399 695 1437 ἐσχατεύοντασ
721 1399 757 1428 τὸ
788 1398 887 1437 ’γένοσ
912 1399 1013 1427 αὐτῶν
1040 1398 1137 1433 ἐστιν,
1174 1397 1219 1426 ebo·
1245 1397 1307 1426 τῶν
1334 1396 1481 1434 ἐσχάτων
1509 1396 1558 1425 διὰ
1585 1396 1621 1425 τὸ

85 1449 257 1479 συνάπτειν
275 1450 434 1486 ἁλλήλοισ
450 1450 543 1479 τοῦτο
566 1449 772 1479 πεπονθότων
862 1447 923 1478 741
948 1446 1008 1478 sub
1031 1446 1196 1487 partibus,
1221 1446 1285 1477 sub
1308 1446 1461 1487 partium
1481 1445 1620 1477 nomine

82 1501 121 1529 *et
147 1499 268 1539 specie,
296 1508 399 1539 quem
426 1499 691 1539 praepositionis
716 1508 817 1529 usum
842 1498 1010 1539 exemplis
1035 1497 1206 1529 illustraui
1229 1497 1287 1529 lib.
1310 1506 1323 1529 1
1343 1496 1452 1539 praef.
1476 1506 1508 1537 p.
1536 1496 1620 1528 lxxi.

87 1551 180 1582 nulla
211 1560 290 1591 pars
322 1550 413 1582 orbis
438 1553 490 1582 est
516 1551 599 1591 quin
624 1553 697 1581 tam
725 1559 787 1581 sua
810 1551 856 1581 sit
887 1553 922 1581 et
948 1559 968 1581 a
996 1549 1135 1591 reliquis
1163 1549 1299 1580 diuersa
1330 1551 1371 1580 ut
1403 1548 1475 1580 sola
1500 1558 1562 1589 per
1587 1557 1623 1579 se

89 1612 147 1643 pro
181 1605 256 1633 toto
297 1601 413 1643 aliquo
445 1604 618 1633 terrarum
652 1601 733 1633 orbe
766 1600 885 1632 haberi
927 1604 1099 1632 mereatur
1188 1600 1251 1632 742
1287 1604 1328 1632 ut
1366 1599 1553 1637 Bentleius,
1586 1603 1622 1631 et

89 1653 176 1684 libri.
225 1655 319 1684 astra
352 1653 453 1684 certis
494 1652 689 1693 regionibus
724 1651 889 1693 discripta
916 1662 988 1684 esse
1016 1661 1087 1684 non
1119 1651 1172 1683 his
1199 1651 1339 1682 demum
1367 1651 1523 1682 uersibus
1564 1650 1624 1681 sed

85 1705 156 1736 iam
188 1705 342 1736 696-710
367 1703 481 1735 edocti
506 1713 648 1735 sumus:
676 1703 761 1734 illud
779 1713 871 1735 nunc
890 1703 1026 1741 dicitur,
1044 1713 1086 1735 ex
1108 1706 1281 1734 astrorum
1306 1702 1526 1743 discriptione
1544 1700 1625 1733 duci

89 1765 177 1797 quae
208 1755 312 1787 modo
344 1758 635 1787 commemoratae
669 1758 751 1787 sunt
781 1755 959 1797 regionum
992 1755 1230 1796 proprietates.
1279 1753 1367 1786 Ptol.
1401 1757 1480 1785 tetr.
1513 1763 1547 1795 p.
1584 1754 1624 1784 15

85 1810 150 1840 τὰσ
180 1808 251 1840 καθ’
277 1810 335 1840 ὄλα
362 1809 435 1847 ἔθνη
460 1809 679 1848 θεωρουμένασ
705 1809 750 1839 cbo·
776 1810 894 1839 ἐπίπαν
919 1809 1107 1845 σωματικάσ
1133 1820 1167 1838 τε
1191 1809 1243 1838 καὶ
1270 1808 1387 1845 ἠθικὰσ
1412 1806 1621 1846 ἰδιοτροπίασ,

84 1862 149 1891 -οὐκ
190 1861 391 1900 ἀλλοτρίασ
431 1861 661 1899 τυγχανούσασ
691 1861 754 1897 τῆσ
784 1861 847 1890 τῶν
881 1860 1142 1899 συνῳκειωμένων
1183 1859 1324 1899 ἀστέρων
1363 1870 1399 1888 τε
1436 1860 1488 1888 καὶ
1528 1858 1623 1888 δωδε-

87 1913 283 1951 κατημορίων
309 1910 511 1952 (signorum)
530 1912 672 1950 φυσικῆσ
689 1912 912 1951 περιστάσεωσ
1002 1913 1173 1948 discripta
1188 1913 1257 1947 LM,
1275 1912 1454 1947 descripta
1469 1908 1534 1940 GL²

176 1965 379 2000 regionibus
394 1961 552 2002 Scaliger,
569 1964 766 1994 recionibus
784 1965 818 1993 M
837 1960 1007 2002 scaligero
1024 1961 1174 2002 ignotus,
1188 1963 1385 1993 rationibus
1398 1963 1456 1992 GL.
1508 1959 1516 1972 ‘
1529 1968 1622 1990 error

90 2023 111 2044 a
132 2013 241 2045 ueteri
263 2013 436 2054 scriptura
458 2012 646 2044 recionibus
660 2012 668 2026 ’
692 2012 862 2053 Scaliger;
887 2015 926 2044 at
947 2011 1134 2044 Stoeberus
1159 2012 1167 2025 ‘
1182 2011 1348 2044 librorum
1370 2011 1540 2052 scriptura
1556 2034 1564 2042 .
1583 2034 1591 2041 .
1609 2034 1616 2040 .

89 2064 287 2102 rationibus,
318 2073 388 2095 non
422 2066 542 2095 autem
572 2063 769 2101 recionibus,
794 2073 897 2105 quem
927 2073 1075 2095 errorem
1105 2062 1254 2105 Scaliger
1283 2063 1385 2095 finxit
1414 2060 1622 2093 emendandi

91 2126 195 2147 causa
209 2115 217 2128 ’
310 2116 372 2147 743
384 2125 464 2148 aere
477 2114 666 2152 Bentleius,
683 2124 835 2154 aequore
846 2118 941 2152 GLM,
957 2118 1100 2147 aethere
1117 2114 1191 2145 cod.
1210 2113 1312 2152 Flor.,
1329 2112 1423 2155 quod
1437 2113 1474 2144 in
1489 2122 1626 2153 aequore

92 2167 178 2199 abiit
200 2176 229 2198 11
250 2167 314 2198 447
337 2170 372 2198 et
394 2167 532 2208 passim.
582 2167 696 2198 minus
718 2176 819 2207 saepe
841 2176 897 2198 aer
917 2169 953 2198 et
975 2176 1095 2207 aequor
1108 2166 1144 2197 in
1166 2164 1343 2197 codicibus
1364 2166 1623 2206 permutantur,

92 2222 132 2250 ut
151 2217 252 2250 Ouid.
273 2228 315 2250 ex
335 2217 435 2249 Pont.
451 2226 495 2249 111
513 2219 533 2249 2
553 2219 606 2255 63,
619 2218 708 2249 trist.
728 2226 756 2249 11
777 2218 850 2255 149,
870 2225 884 2248 1
903 2218 923 2248 8
942 2217 984 2249 35
1007 2220 1166 2248 cunctane
1184 2217 1222 2248 in
1247 2226 1449 2257 aequoreos
1473 2215 1626 2247 abierunt

92 2269 190 2301 irrita
210 2272 334 2306 uertice,
358 2268 417 2300 ubi
439 2279 518 2300 cum
540 2269 735 2309 requiratur
756 2278 938 2300 commune
960 2270 1145 2299 uentorum
1166 2266 1346 2308 epitheton
1368 2266 1475 2298 aerios
1495 2266 1625 2298 conieci

93 2321 128 2352 in
148 2317 293 2352 Journal
312 2320 348 2351 of
367 2319 547 2362 Philology
565 2320 632 2352 uol.
651 2328 727 2351 xxv
745 2330 778 2361 p.
795 2320 870 2357 245,
890 2320 982 2351 sicut
1002 2319 1126 2352 Catull.
1148 2319 1190 2350 64
1211 2319 1273 2350 142
1292 2317 1441 2350 habetur
1459 2317 1544 2349 aerii
1560 2341 1568 2349 .
1587 2341 1594 2349 .
1615 2341 1623 2348 .

94 2372 187 2403 uenti
200 2384 208 2409 ;
246 2371 305 2403 sed
329 2372 454 2403 rectius
478 2382 554 2403 aere
578 2374 696 2412 gentes
720 2381 826 2412 quam
850 2370 988 2402 aethere
1011 2369 1172 2412 perfundi
1195 2369 1368 2407 dicuntur,
1392 2372 1428 2400 et
1452 2371 1623 2400 astrorum

95 2433 174 2453 aera
187 2422 347 2454 Manilius
362 2422 648 2454 commemorauit
664 2431 692 2453 11
707 2423 772 2454 356
787 2431 836 2463 sq.
852 2422 997 2462 propius
1012 2424 1114 2453 terras
1129 2421 1251 2453 accedit
1265 2421 1362 2452 uisus
1378 2418 1503 2462 eorum}
1523 2429 1624 2451 aera-

95 2484 156 2514 que
183 2473 339 2514 infectum
366 2477 495 2505 nostras
522 2473 661 2505 demittit
688 2473 731 2505 ad
758 2483 870 2511 auras,
899 2473 1005 2504 etiam
1032 2481 1070 2504 IV
1097 2473 1161 2505 483
1188 2475 1224 2504 et
1251 2473 1315 2504 499
1404 2471 1554 2503 744-817
1583 2470 1625 2502 de

93 2525 168 2556 1000
185 2525 243 2565 qui
259 2525 352 2556 uarie
368 2525 461 2566 apud
477 2524 624 2557 Graecos
648 2524 858 2566 perhibetur,
875 2527 907 2556 αἱ
931 2527 1032 2566 χῶραι
1055 2526 1320 2562 συνοικειούμεναι
1342 2525 1413 2555 τοῖσ
1428 2521 1477 2564 ιβ’
1500 2524 1624 2562 ζῳδίοισ

96 2575 228 2616 (Ludw.
246 2575 386 2607 Maxim.
404 2586 436 2617 p.
458 2577 546 2616 112),
564 2579 596 2608 αἱ
619 2578 852 2608 συνοικειώσεισ
868 2579 931 2608 τῶν
951 2577 1227 2616 δωδεκατημορίων
1251 2577 1334 2616 πρόσ
1356 2576 1397 2606 τὰ
1422 2576 1503 2606 κατὰ
1528 2575 1625 2615 μέροσ

96 2631 171 2666 ἔθνη
190 2626 292 2667 (Ptol.
311 2630 389 2658 tetr.
408 2637 440 2668 p.
462 2628 528 2667 19),
545 2630 617 2669 περὶ
634 2629 794 2666 κλιμάτων
811 2630 873 2659 τῶν
897 2629 1107 2666 ἀνακειμένων
1125 2629 1170 2659 ἐνὶ
1185 2628 1309 2666 ἑκάστῳ
1331 2628 1429 2666 ζῳδίῳ
1447 2624 1624 2665 (C-C.A.G.

95 2687 118 2709 V
139 2679 174 2710 iii
196 2689 228 2720 p.
255 2678 331 2718 131)
351 2680 426 2710 ποῖά
441 2692 512 2710 τινα.
528 2681 590 2711 τῶν
607 2681 660 2711 ἐπὶ
681 2681 748 2719 ’γῆσ
764 2680 925 2718 κλιμάτων
943 2681 1004 2711 ὑπὸ
1019 2681 1099 2718 ποίῳ
1122 2680 1220 2718 ζῳδίῳ
1234 2679 1384 2709 τέτακται
1401 2678 1504 2708 τελεῖν
1523 2675 1624 2717 (Lyd.

97 2733 221 2761 ostent.
243 2740 276 2770 p.
301 2729 387 2769 158),
408 2728 551 2761 disserui
569 2730 605 2761 in
624 2729 838 2770 praefatione
927 2730 991 2761 744
1005 2733 1155 2762 sortitus
1166 2728 1324 2770 Scaliger,
1338 2731 1488 2761 sortitur
1504 2727 1582 2759 libri

184 2783 264 2822 post
290 2780 381 2812 hunc
408 2790 545 2812 uersum
573 2780 652 2812 talis
678 2780 748 2812 fere
774 2780 973 2812 inserendus
1000 2784 1063 2819 est,
1091 2791 1157 2822 qua
1183 2783 1265 2812 tenet
1292 2779 1420 2820 obliquo
1446 2781 1626 2810 currentem

91 2831 202 2864 limite
225 2831 393 2864 Phoebum
417 2832 472 2863 uel
496 2832 588 2864 lance
612 2831 669 2864 ubi
693 2833 742 2864 sol
765 2842 869 2873 aequa
889 2836 1009 2873 pensat
1033 2836 1217 2873 noctemque
1241 2831 1399 2872 diemque,
1425 2833 1465 2862 ut
1489 2831 1534 2862 sit
1559 2840 1629 2871 quo

851 2896 873 2918 G
