1872 3183
156 147 207 185 12
746 145 806 187 Μ.
840 144 1093 187 MANILII

314 255 390 298 dat
409 270 570 305 causas,
592 255 850 311 laeduntque
869 256 954 298 cibi
972 261 1238 312 parcuntque
1257 272 1432 299 uenena.

313 330 570 386 degenerant
589 331 681 372 nati
699 331 892 386 patribus
911 331 1174 387 uincuntque
1193 336 1389 387 parentes

312 405 610 460 ingeniumque
630 419 754 446 suum
774 405 958 446 retinent
976 419 985 454 ;
1020 405 1260 461 transitque
1280 421 1354 461 per
1373 406 1506 456 illum,

313 493 366 520 ex
384 478 454 520 illo
474 479 646 521 fortuna
665 479 797 521 uenit.
847 479 951 521 furit
970 479 1076 521 alter
1096 494 1237 521 amore

212 560 256 592 80
313 558 356 595 et
375 558 557 609 pontum
575 558 796 595 transnare
814 558 957 609 potest
976 558 1020 595 et
1038 559 1204 596 uertere
1224 555 1406 605 Troiam,

314 627 486 669 alterius
506 628 621 669 frons
641 633 705 669 est
724 628 954 669 scribendis
973 628 1134 683 legibus
1154 633 1270 684 apta.

315 716 409 744 ecce
427 707 595 757 patrem
615 702 706 743 nati
725 703 940 758 perimunt
959 708 1169 758 natosque
1188 709 1385 758 parentes

315 781 549 832 mutuaque
569 777 724 818 armati
742 782 897 818 coeunt
916 777 960 819 in
980 777 1155 820 uulnera
1175 777 1339 820 fratres.

315 865 400 892 non
419 856 612 893 nostruin
632 851 711 893 hoc
731 851 889 893 bellum
909 856 973 893 est
993 866 1001 901 ;
1037 857 1245 907 coguntur
1266 857 1391 894 tanta
1411 853 1571 895 moueri

215 933 259 964 85
315 926 443 980 inque
462 940 559 967 suas
578 926 675 967 ferri
695 940 853 981 poenas
872 926 1180 982 lacerandaque
1201 927 1404 968 membra.

315 1000 430 1055 quod
450 1000 600 1041 Decios
620 1015 706 1041 non
725 1015 849 1042 omne
868 1001 982 1050 tulit,
1003 1015 1089 1042 non
1109 1015 1233 1042 omne
1253 1001 1449 1043 Camillos

315 1080 485 1130 tempus
505 1080 547 1116 et
567 1075 728 1116 inuicta
748 1075 965 1117 deuictum
985 1081 1127 1117 mente
1147 1076 1365 1126 Catonem,

150 1214 276 1247 litteris
301 1220 444 1257 propter
468 1226 524 1247 ma
548 1217 681 1247 omissis
706 1216 863 1248 restabat
889 1216 1015 1253 medic3
1054 1216 1178 1248 deinde
1203 1218 1354 1248 numeris
1379 1220 1416 1249 et
1439 1218 1599 1255 orationi,
1625 1226 1697 1249 non

149 1268 235 1299 item
252 1268 458 1305 sententiae,
475 1267 673 1299 consultum
690 1270 759 1298 est:
784 1267 863 1299 uide
881 1269 956 1306 570,
973 1269 1049 1305 574,
1066 1268 1125 1299 lib.
1144 1277 1157 1299 1
1175 1268 1282 1309 praef.
1302 1279 1360 1310 pp.
1379 1269 1537 1306 lix—lxix,
1551 1268 1634 1300 Luc.
1654 1277 1698 1300 111

150 1319 215 1350 159
243 1319 330 1359 quod
361 1318 433 1356 tibi,
457 1319 576 1356 Roma,
596 1318 684 1359 fuya
709 1319 827 1350 Galla-s
851 1319 1038 1359 trepidante
1059 1319 1205 1360 reliquit,
1231 1319 1292 1350 ubi
1315 1330 1395 1351 cum
1415 1320 1586 1362 scriptum
1608 1323 1700 1351 esset

141 1369 309 1411 fuyallus,
348 1370 508 1402 fecerunt
538 1371 702 1411 Pyrrhus,
733 1371 793 1411 qui
825 1372 986 1412 sequenti
1019 1381 1122 1402 uersu
1161 1371 1339 1402 indicatur
1447 1372 1466 1403 7
1470 1372 1490 1403 6
1525 1375 1588 1403 dat
1627 1371 1702 1409 ΘΠ,

150 1425 238 1454 dant
267 1425 325 1454 ΒΜ
415 1422 456 1453 77
488 1425 703 1460 degenerant
734 1426 793 1460 GL,
826 1426 1042 1454 deuenerant
1070 1426 1115 1455 M.
1154 1422 1308 1463 patribus
1336 1426 1455 1455 utrum
1484 1422 1626 1454 datiuus
1654 1423 1700 1455 sit

151 1483 197 1505 an
221 1473 397 1505 ablatiuus
421 1473 567 1505 dubium
590 1473 727 1505 faciunt
752 1473 840 1506 Stat.
866 1474 973 1506 Theb.
999 1483 1013 1505 1
1032 1475 1097 1506 464
1122 1474 1231 1505 Marti
1255 1484 1322 1506 non
1345 1475 1538 1514 deqenerare
1558 1478 1698 1515 paterno

150 1527 188 1556 et
200 1533 238 1556 Iv
253 1526 360 1557 147-9
373 1535 442 1556 non
449 1525 595 1566 sortibus
609 1525 670 1556 illa
687 1524 690 1568 Ι
711 1525 892 1566 infecunda
907 1526 995 1557 uiris
1002 1525 1163 1566 famaque
1178 1526 1330 1557 inmanis
1342 1526 1475 1558 alumni
1492 1524 1496 1569 Ι
1516 1527 1696 1566 deqenerat.

151 1576 274 1608 eadem
295 1576 472 1609 dubitatio
493 1576 536 1608 de
559 1575 616 1609 Sil.
641 1585 678 1608 IV
699 1578 764 1608 515
785 1577 920 1617 deqener
940 1577 1030 1608 haud
1051 1577 1208 1609 Gracchis
1228 1577 1344 1608 consul
1434 1579 1477 1611 78
1496 1587 1607 1614 suum,
1629 1587 1700 1609 non

151 1631 338 1669 paternum
429 1628 560 1665 transit,
592 1630 799 1668 παρέρχεται,
829 1632 870 1660 ut
899 1628 979 1660 Tac.
1011 1628 1091 1660 hist.
1116 1637 1161 1659 ΙΙΙ
1181 1629 1224 1659 49
1242 1628 1383 1669 fortuna
1406 1629 1542 1669 imperii
1567 1630 1699 1660 transit.

153 1679 251 1711 uerbi
273 1690 378 1712 causa
400 1679 611 1721 Lagidarum
632 1679 776 1711 fortuna
797 1690 841 1711 ex
864 1680 1064 1711 Ptolemaeo
1089 1679 1206 1711 Sotere
1230 1681 1337 1717 uenit,
1361 1681 1501 1712 transiit
1522 1691 1583 1722 per
1604 1681 1699 1712 Cleo-

150 1734 290 1772 patram
382 1730 423 1762 79
448 1740 489 1762 ex
506 1733 568 1762 illo
586 1734 646 1768 GL,
663 1733 766 1763 exilio
785 1734 819 1762 M
909 1731 952 1761 80
972 1734 1114 1771 pontum
1129 1734 1313 1768 transnare,
1333 1734 1373 1762 ut
1391 1730 1558 1769 Leander,
1577 1734 1701 1763 uertere

155 1782 305 1819 Troiam,
318 1784 358 1813 ut
372 1781 479 1813 Paris.
522 1784 710 1823 utrumque
725 1781 770 1813 ad
787 1781 984 1813 Leandrum
1000 1780 1159 1823 Scaliger,
1175 1781 1219 1813 ad
1234 1781 1395 1814 Paridem
1412 1782 1529 1824 Fayus
1545 1782 1699 1820 rettulit;

151 1833 247 1874 quod
266 1836 456 1875 supererat,
478 1833 653 1864 Breiterus
672 1833 767 1871 fecit,
787 1836 827 1864 ut
851 1833 1047 1864 Menelaum
1071 1833 1286 1875 intellegeret
1376 1834 1416 1864 81
1437 1837 1534 1865 frons
1554 1837 1603 1865 GL
1621 1833 1699 1865 cod.

150 1885 317 1922 Venetus,
334 1894 439 1924 syons
455 1888 499 1917 M.
540 1884 677 1925 frontis,
693 1884 736 1916 de
752 1894 821 1925 qua
839 1895 922 1915 uoce
939 1884 983 1915 ad
999 1893 1043 1915 111
1061 1886 1122 1916 115
1138 1885 1222 1922 dixi,
1239 1885 1283 1916 ad
1299 1885 1497 1917 scribendas
1512 1885 1602 1927 leges
1617 1895 1701 1917 usus

153 1933 269 1966 nullus
283 1937 348 1972 est,
364 1945 476 1976 neque
491 1936 544 1967 his
560 1935 674 1967 uerbis
689 1936 873 1977 significari
888 1946 987 1977 posse
1003 1939 1090 1977 puto
1107 1936 1115 1948 ⁶
1131 1936 1219 1968 alter
1234 1936 1335 1968 uultu
1351 1937 1430 1968 talis
1445 1939 1499 1968 est
1513 1940 1554 1968 ut
1568 1937 1701 1978 legibus

153 1985 343 2018 scribendis
365 1990 470 2028 aptus
491 1998 563 2019 esse
586 1987 780 2025 uideatur’,
803 1998 883 2018 cum
901 1988 1103 2029 praesertim
1121 1998 1192 2019 non
1213 1987 1255 2019 de
1277 1991 1422 2020 externa
1443 1989 1555 2030 specie
1576 1991 1703 2030 agatur

150 2047 273 2068 uerum
293 2038 335 2069 de
354 2038 502 2079 ingenio.
550 2039 754 2080 simpliciter
770 2049 853 2070 sane
879 2038 1065 2070 Stoeberus
1092 2038 1099 2051 ‘
1115 2039 1203 2070 alter
1222 2039 1350 2071 dixerit
1369 2039 1575 2079 inqeniwn’,
1596 2050 1700 2081 quem

154 2089 215 2129 qui
237 2090 346 2121 secuti
368 2093 451 2122 sunt
472 2090 621 2122 Iacobus
643 2091 772 2131 quique
794 2090 963 2122 Iacobum
985 2091 1082 2132 sequi
1104 2091 1217 2122 solent
1238 2094 1352 2123 tacere
1375 2092 1487 2123 tutius
1511 2091 1697 2123 duxerunt.

150 2139 212 2171 sed
226 2151 269 2172 ne
285 2151 355 2172 sors
371 2141 523 2182 quidem,
540 2141 634 2182 quod
649 2143 685 2173 in
699 2141 752 2173 ed.
772 2143 903 2173 Bonon.
922 2153 976 2173 an.
997 2143 1082 2174 1474
1096 2143 1288 2184 repositum
1305 2141 1453 2185 Scaliger
1467 2146 1503 2175 et
1519 2143 1698 2175 Bentleius

150 2193 351 2229 tenuerunt,
370 2193 473 2234 plane
491 2192 796 2225 accommodatum
815 2192 965 2230 uidetur,
987 2194 1052 2225 etsi
1070 2194 1106 2224 in
1125 2203 1153 2225 11
1172 2195 1236 2225 668
1253 2204 1370 2234 parem
1388 2193 1534 2235 referunt
1551 2194 1703 2226 numeris

151 2246 210 2274 aut
230 2246 373 2284 tempore
392 2247 510 2276 sortem
528 2247 565 2276 et
584 2253 622 2275 1v
643 2245 704 2276 891
728 2247 873 2276 terrenae
893 2254 1031 2285 corpora
1050 2245 1149 2276 sortis
1168 2246 1218 2276 ita
1239 2246 1382 2286 ponitur
1402 2248 1442 2277 ut
1461 2256 1532 2277 non
1548 2245 1700 2277 multum

151 2294 292 2326 differat
315 2305 335 2326 a
358 2298 490 2327 natura.
539 2306 632 2327 mens
655 2296 715 2336 qui
738 2296 785 2327 sic
810 2297 939 2328 mutari
962 2297 1117 2337 potuerit
1140 2306 1210 2328 non
1236 2300 1383 2338 apparet
1473 2297 1515 2327 84
1538 2300 1701 2333 nostrum,

151 2345 345 2383 hominum,
365 2347 459 2388 quod
477 2347 592 2389 ipsum
611 2347 796 2379 substituit
816 2347 994 2379 Bentleius
1013 2347 1058 2379 ob
1076 2347 1162 2379 illud
1180 2351 1340 2387 coquntur
1447 2350 1608 2387 coquntur
1624 2348 1702 2379 nati

150 2400 313 2438 parentes
339 2397 464 2429 fratres
592 2401 728 2430 moueri
748 2402 784 2436 G,
812 2403 1000 2430 mouentur
1025 2402 1084 2430 ΒΜ
1109 2399 1184 2430 cod.
1207 2399 1371 2430 Venetus.
1440 2402 1545 2436 tanta,
1579 2402 1700 2431 tantos

153 2452 293 2481 motus:
341 2449 440 2480 Lucr.
466 2458 509 2480 111
532 2450 656 2482 568-70
681 2450 872 2490 primordia
888 2474 895 2481 .
915 2475 922 2481 .
942 2474 949 2482 .
969 2450 1125 2481 conclusa
1153 2453 1328 2482 mouentur
1349 2449 1354 2492 Ι
1374 2450 1551 2491 sensiferos
1581 2454 1704 2487 motus,

152 2500 235 2532 Luc.
261 2509 301 2532 IX
325 2501 390 2533 580
416 2501 574 2541 Iuppiter
598 2504 644 2532 est
666 2502 892 2542 quodcumqae
921 2502 1027 2539 uides,
1052 2501 1277 2542 quodcumque
1301 2502 1446 2533 moueris
1536 2502 1577 2533 86
1600 2511 1701 2535 omne

149 2551 245 2593 prius
263 2551 338 2589 GL2,
356 2561 457 2584 mone
481 2555 515 2589 L,
534 2562 635 2584 moue
655 2556 688 2584 M
779 2553 818 2584 87
838 2557 955 2584 mente
975 2553 1164 2590 Bentleius,
1183 2557 1296 2584 morte
1320 2553 1410 2590 libri,
1435 2552 1530 2594 quod
1548 2553 1703 2585 retinent

151 2602 341 2634 Bechertus
368 2607 405 2634 et
433 2604 619 2640 Breiterus,
649 2604 737 2635 alter
764 2605 835 2635 etia
860 2615 867 2634 ¹.
900 2605 1164 2645 interpretatur,
1195 2604 1203 2616 ⁴
1218 2604 1508 2636 inuicta=libera
1537 2607 1649 2636 morte
1663 2605 1671 2617 ⁷
1688 2616 1697 2641 ;

152 2653 319 2685 inuictum
338 2654 468 2686 deuicta
485 2658 586 2686 morte
611 2655 710 2686 codd.
732 2655 821 2686 Flor.
839 2658 875 2686 et
895 2655 992 2687 Bodl.
1013 2658 1049 2686 et
1067 2655 1170 2687 multi
1187 2655 1348 2693 editores,
1366 2656 1461 2697 quod
1478 2656 1515 2687 in
1532 2656 1702 2688 Catonem

151 2714 222 2735 non
239 2705 335 2736 cadit
359 2705 420 2737 sed
436 2706 473 2737 in
496 2705 682 2737 Herculem
699 2709 736 2737 et
753 2707 781 2737 si
798 2707 876 2747 quis
894 2707 966 2738 eius
984 2706 1104 2738 similis
1121 2706 1200 2743 fuit,
1220 2706 1296 2738 Sen.
1317 2707 1406 2739 H.O.
1429 2708 1514 2739 1552
1531 2717 1581 2748 sq.
1601 2707 1705 2738 uadis

151 2754 195 2786 ad
210 2765 326 2786 manes
342 2756 564 2793 miserandus,
582 2757 669 2788 unde
691 2755 695 2798 Ι
717 2760 817 2788 morte
833 2757 965 2788 deuicta
981 2757 1105 2788 tuleras
1121 2757 1330 2798 triumphum
1345 2770 1353 2796 ;
1383 2768 1446 2789 nec
1463 2758 1548 2789 satis
1564 2759 1702 2799 proprie

151 2805 264 2837 inuita
281 2806 448 2838 deuictum
466 2811 566 2839 morte
584 2807 811 2840 Marklandus
829 2808 874 2840 ad
894 2807 983 2840 Stat.
1004 2809 1079 2840 silu.
1100 2817 1128 2840 11
1147 2809 1166 2840 6
1185 2810 1236 2840 76.
1287 2809 1465 2840 Bentleius
1482 2810 1702 2850 comparauit

151 2856 236 2888 Hor.
252 2867 357 2889 carm.
374 2867 402 2890 11
420 2860 434 2890 1
452 2859 493 2891 23
509 2869 558 2900 sq.
575 2862 693 2890 cuncta
707 2862 870 2891 terrarum
885 2859 1023 2890 subacta
1045 2858 1050 2901 1
1068 2863 1199 2900 praeter
1213 2863 1354 2892 atrocem
1368 2860 1523 2891 animum
1538 2859 1678 2892 Catonis
1693 2873 1705 2893 τ
