1872 3183
615 130 1102 175 ASTRONOMICON
1133 129 1200 172 IV
1627 131 1681 170 63

307 245 590 298 orbatumque
608 256 684 284 sua
704 241 909 283 Phrixum
927 255 1001 296 per
1020 240 1112 282 fata
1130 254 1270 281 sorore

306 318 511 362 Phasidos
533 317 587 358 ad
608 316 722 372 ripas
744 321 787 358 et
807 314 1007 358 Colchida
1028 320 1192 369 tergore
1211 313 1344 356 uexit.

360 398 419 442 at,
441 405 547 447 quos
566 391 702 446 prima
721 395 867 432 creant
885 389 1096 431 nascentis
1115 387 1252 430 sidera
1272 387 1412 436 Tauri,

305 466 475 509 feminei
492 464 709 506 incedunt.
766 479 841 505 nec
861 463 982 519 longe
1000 477 1127 504 causa
1145 461 1330 517 petenda
1350 466 1426 510 est,

180 548 250 581 520
306 541 341 582 si
361 539 487 582 modo
506 554 580 594 per
598 553 746 581 causas
766 542 965 579 naturam
985 551 1184 592 quaerere
1203 536 1269 577 fas
1288 540 1352 577 est
1372 550 1380 577 ε

307 628 479 657 auersus
497 612 616 656 uenit
634 612 678 654 in
697 612 861 654 caelum
880 611 1081 666 diuesque
1101 610 1264 666 puellis,

306 687 526 730 Pleiadum
544 701 678 743 paruo
697 686 877 728 referens
897 685 1195 741 glomeramine
1215 684 1344 726 sidus.

141 843 275 876 G.L.K.
296 852 325 874 11
343 853 376 884 p.
397 843 462 875 433
481 845 518 873 et
536 851 619 873 auro
637 851 740 872 auras
759 844 795 872 et
813 850 888 871 aero
907 849 1002 871 aeras
1021 841 1282 875 commemorat,
1303 838 1347 870 ad
1364 841 1492 869 statuas
1510 836 1684 868 aurandas

142 895 251 927 habet
272 894 382 927 c.1.L.
408 903 436 925 11
458 894 570 931 4230;
606 903 688 924 nam
711 893 871 924 inaurare
893 891 1034 932 quidem
1057 894 1093 922 et
1116 891 1232 923 Cicero
1256 893 1291 921 et
1315 889 1483 921 Horatius
1506 888 1680 920 dixerunt.

141 945 207 978 hoc
229 945 305 977 loco
329 946 430 977 iuxta
452 945 597 976 uitreum
621 945 694 975 sine
720 944 872 974 maximo
897 942 1057 984 imaginis
1082 940 1293 973 detrimento
1319 940 1448 971 mutari
1472 949 1543 971 non
1565 941 1683 980 potest

231 997 294 1028 516
310 1006 428 1030 sorore
444 995 519 1033 (ΗΞ,
536 999 648 1028 sorori
664 999 698 1032 Ι..
713 998 785 1027 sori
801 998 835 1026 M
925 994 986 1025 517
1003 998 1145 1031 tergore
1157 996 1256 1025 uexit
1271 996 1296 1024 G
1311 991 1386 1023 cod.
1401 991 1565 1028 Venetus,
1582 995 1683 1028 tergo

140 1051 281 1081 reuexit
301 1051 346 1085 Μ,
364 1051 462 1085 tergo
478 1050 610 1080 reuixit
630 1050 664 1083 L,
681 1050 785 1083 terga
800 1048 939 1078 reuexit
960 1044 1008 1076 12².
1056 1044 1158 1085 Prop.
1178 1052 1207 1075 11
1228 1044 1270 1074 26
1292 1045 1312 1075 5
1333 1053 1384 1083 sq.
1403 1042 1534 1080 Hellen,
1556 1041 1561 1084 Ι
1581 1051 1685 1073 aurea

140 1108 242 1140 quam
261 1098 356 1130 molli
374 1101 495 1139 terqore
514 1098 605 1129 uexit
625 1098 700 1128 ouis
790 1096 942 1127 518-524
961 1095 1066 1127 Tauri
1087 1095 1199 1137 prima
1218 1097 1319 1136 parte
1339 1093 1503 1135 primisue
1523 1092 1683 1134 partibus

141 1149 334 1182 orientibus
351 1151 544 1181 nascuntur
560 1148 680 1180 molles
696 1151 743 1185 et,
762 1157 849 1188 quos
866 1157 906 1179 eo
923 1147 1020 1188 signo
1034 1146 1139 1178 creari
1154 1146 1225 1177 iam
1242 1155 1300 1177 uu.
1320 1145 1469 1176 140—151
1485 1143 1682 1179 didicimus,

141 1201 321 1243 agricolae.
370 1200 535 1233 C.C.A.G.
560 1209 574 1231 1
596 1210 629 1241 p.
657 1200 719 1231 166
742 1199 784 1230 22
807 1209 857 1240 sq.
885 1200 1090 1237 μαλακοποιὰ
1116 1199 1150 1229 δὲ
1174 1199 1294 1238 Ταύρου
1314 1198 1354 1228 τὰ
1378 1198 1503 1236 ἔσχατα
1520 1196 1624 1236 (quae
1646 1195 1683 1226 in

141 1253 239 1294 signo
265 1254 474 1284 ἀνατέλλοντι
498 1254 532 1282 ἐκ
558 1253 621 1282 τῶν
649 1252 800 1282 ὀπισθίων
823 1249 938 1289 prima
960 1252 1042 1280 sunt
1065 1248 1189 1288 sidera)
1207 1251 1259 1279 καὶ
1280 1250 1385 1287 ὀσφύσ
1402 1249 1504 1288 (quas
1520 1245 1684 1278 Manilius

140 1303 255 1335 clunes
270 1303 356 1335 dicit
371 1304 489 1344 eisque
509 1302 663 1334 Taurum
683 1311 820 1343 surgere
837 1309 865 1333 Π
891 1301 1068 1340 198-200),
1085 1308 1154 1331 vm
1168 1300 1192 1331 ii
1209 1310 1241 1341 p.
1261 1300 1303 1331 58
1320 1300 1361 1331 23
1379 1309 1429 1339 sq.
1448 1301 1489 1330 τὰ
1506 1300 1540 1330 δὲ
1558 1300 1683 1337 ἔσχατα

142 1358 239 1387 αὐτοῦ
271 1356 432 1387 κιναίδουσ
465 1356 558 1393 ποιεῖ,
595 1353 690 1395 quod
712 1353 838 1385 uitium
871 1353 907 1383 in
939 1355 1056 1383 totum
1089 1351 1184 1383 sidus
1217 1350 1384 1382 diffundit
1406 1350 1532 1382 Valens
1559 1359 1592 1390 p.
1620 1349 1683 1380 113

141 1407 185 1438 23
199 1416 251 1447 sq.
266 1408 376 1447 Ταύρῳ
390 1405 557 1445 παθητικῷ
571 1407 679 1445 ζῳδίῳ.
728 1404 848 1436 molles
862 1404 969 1435 etiam
984 1406 1084 1435 sexta
1098 1403 1187 1444 signi
1201 1406 1300 1444 parte
1316 1405 1477 1444 surgente
1492 1404 1528 1433 et
1544 1399 1683 1432 Pliadas

140 1456 291 1489 ducente
315 1457 408 1499 gigni
431 1457 648 1488 inueniemus
673 1464 696 1486 v
723 1455 875 1487 140-156
965 1454 1027 1485 518
1052 1457 1169 1486 sidera
1193 1453 1305 1490 GL²M‚
1330 1457 1444 1485 sidere
1468 1456 1502 1490 L,
1522 1457 1684 1490 tempora

140 1507 216 1540 cod.
236 1508 401 1546 Venetus,
418 1517 508 1549 quae
524 1507 630 1539 Tauri
645 1517 725 1548 pars
741 1516 812 1537 non
829 1505 990 1537 Pliadum
1007 1504 1067 1536 sed
1084 1504 1252 1546 Hyadum
1268 1515 1377 1546 paruo
1394 1504 1499 1536 refert
1515 1503 1683 1545 glomera-

140 1559 233 1591 mine
259 1558 355 1591 sidus
445 1558 509 1589 519
541 1561 683 1590 feminei
708 1556 808 1588 codd.
840 1557 930 1588 Flor.
962 1559 998 1588 et
1027 1555 1140 1593 Bodl„
1167 1559 1319 1588 feminea
1343 1559 1428 1587 GLM
1517 1558 1683 1587 incedunt

140 1610 331 1647 Bentleiua
349 1613 467 1642 iuceat
483 1613 528 1646 Μ,
545 1612 662 1641 iaceat
678 1608 728 1645 L2.
741 1611 834 1640 iacet
851 1611 873 1639 L
890 1607 966 1639 cod.
986 1607 1151 1644 Venetus,
1165 1610 1240 1639 iace
1257 1610 1424 1648 sequente
1441 1607 1556 1647 spatio
1574 1606 1682 1637 trium

137 1661 209 1693 fere
222 1661 420 1693 litterarum
434 1664 468 1693 G.
515 1660 632 1692 fuerat
644 1652 890 1701 femineincedt.
939 1658 1026 1700 Aug.
1043 1659 1107 1690 eiu.
1129 1658 1185 1690 dei
1203 1667 1257 1690 v11
1275 1659 1317 1690 26
1336 1658 1378 1689 de
1398 1658 1559 1690 mollibus
1578 1657 1684 1689 Matri

140 1713 289 1755 Magnae
316 1712 526 1744 consecratis
547 1711 734 1753 fluentibus
761 1710 928 1748 membris,
952 1710 1084 1741 incessu
1107 1709 1255 1750 femineo
1281 1720 1342 1750 per
1366 1710 1498 1749 plateas
1514 1733 1521 1740 .
1541 1733 1548 1740 .
1568 1732 1576 1740 .
1595 1707 1683 1740 unde

139 1764 281 1804 turpiter
294 1763 446 1796 uiuerent
462 1762 642 1803 exiqebant,
660 1761 785 1803 Appul.
802 1764 884 1792 met.
901 1770 941 1792 XI
957 1761 977 1792 8
992 1761 1124 1792 incessu
1135 1761 1264 1802 perfluo
1274 1760 1441 1802 feminam
1454 1759 1683 1796 mentiebatur,

140 1815 209 1847 Cic.
226 1814 312 1856 frag.
330 1825 378 1846 or.
395 1814 432 1846 in
448 1813 485 1845 P.
504 1813 598 1846 clod.
618 1816 654 1844 et
672 1813 707 1844 C.
727 1813 803 1844 Cur.
822 1814 864 1843 22
879 1812 932 1844 ed.
951 1812 1098 1845 Schoell.
1118 1813 1161 1844 al.
1180 1813 1248 1844 uol.
1267 1821 1336 1844 vn1
1353 1823 1386 1854 p.
1406 1813 1471 1844 448
1487 1821 1583 1852 quem
1598 1812 1684 1843 decet

141 1865 315 1898 muliebris
330 1868 479 1902 ornatus,
497 1874 592 1905 quem
610 1865 759 1896 incessus
773 1863 947 1903 psaltriae,
966 1863 1043 1895 Sen.
1059 1873 1111 1905 ep.
1128 1864 1170 1895 52
1187 1864 1226 1894 12
1240 1863 1441 1903 inpudicum
1455 1887 1462 1895 .
1482 1887 1490 1894 .
1509 1887 1517 1895 .
1533 1862 1684 1894 incessus

141 1917 293 1954 ostendit,
319 1917 382 1948 114
404 1917 424 1948 3
449 1926 518 1947 non
542 1916 648 1952 uides,
666 1939 674 1947 .
693 1939 701 1946 .
720 1939 728 1946 .
747 1915 778 1946 si
802 1915 858 1946 ille
883 1914 1095 1955 effeminatus
1120 1918 1176 1951 est,
1203 1915 1241 1946 in
1266 1915 1341 1954 ipso
1366 1915 1499 1946 incessu
1523 1914 1683 1954 adparere

141 1967 330 2005 mollitiam,
353 1967 433 1998 dial.
457 1975 496 1998 IX
521 1967 560 1998 17
583 1967 604 1997 4
626 1966 759 1998 incessu
781 1965 856 2005 ipso
878 1965 968 1996 ultra
989 1964 1180 1997 muliebrem
1202 1965 1379 1997 mollitiam
1395 1964 1591 2006 fluentibus,
1610 1975 1680 2006 n.q.

141 2027 196 2051 VII
212 2020 252 2051 31
272 2019 292 2050 2
308 2021 416 2050 tenero
432 2021 460 2049 et
476 2017 570 2049 molli
585 2017 737 2058 ingressu
752 2016 991 2056 suspendimus
1006 2017 1157 2057 qradum,
1174 2026 1243 2047 non
1258 2015 1470 2048 ambulamus
1485 2016 1542 2048 sed
1558 2016 1682 2048 incedi-

142 2080 229 2108 mus,
251 2070 369 2109 Quint.
391 2070 471 2101 inst.
494 2078 516 2100 v
536 2070 556 2101 9
579 2070 619 2100 14
633 2067 780 2109 fractum
799 2069 964 2099 incessum
982 2092 989 2099 .
1009 2092 1016 2098 .
1036 2092 1043 2099 .
1066 2068 1176 2098 mollis
1196 2071 1223 2099 et
1240 2077 1364 2107 parum
1383 2068 1454 2098 uiri
1473 2067 1582 2107 siqua,
1602 2067 1681 2099 qu.

140 2131 171 2154 11
193 2123 234 2154 16
253 2131 303 2162 sq.
326 2121 413 2153 hunc
433 2131 488 2161 eqo
502 2119 588 2161 satis
607 2119 719 2161 (uelut
739 2120 858 2161 primis
878 2119 983 2150 Tauri
1002 2118 1171 2150 sideribus
1190 2119 1517 2160 horoscopantibus)
1539 2117 1543 2161 Ι
1563 2119 1684 2158 inputo

142 2174 202 2215 qui
222 2173 322 2205 uultu
342 2171 491 2204 morbum
512 2172 706 2212 incessuque
721 2170 858 2211 fatetur,
881 2169 1010 2202 Phaed.
1034 2180 1114 2211 app.
1138 2171 1158 2202 8
1180 2171 1200 2201 2
1222 2180 1272 2211 sq.
1296 2169 1498 2202 ambulando
1519 2168 1678 2212 molliter}

137 2225 271 2267 samam
286 2224 420 2256 cinaedi
435 2226 579 2255 traxerat
594 2223 823 2259 certissimam,
843 2231 865 2253 v
884 2223 897 2254 l
920 2222 1004 2253 13-6
1021 2221 1239 2262 (Menander)
1255 2221 1408 2253 ueniebat
1419 2231 1532 2261 qressu
1544 2221 1683 2253 delicato

144 2280 173 2308 et
193 2275 363 2317 lanquido.
387 2273 392 2318 Ι
411 2274 499 2307 hunc
519 2274 578 2306 ubi
598 2277 763 2315 tyrannus
783 2273 873 2305 uidit
893 2276 1032 2304 eztremo
1053 2273 1196 2313 agmine,
1219 2271 1224 2315 Ι
1246 2272 1254 2285 ⁵
1267 2273 1425 2313 quisnam
1445 2273 1605 2305 cinaedus
1625 2273 1681 2304 ille

143 2328 183 2360 in
205 2329 415 2367 conspectum
438 2335 548 2357 meum
570 2323 574 2367 Ι
593 2325 692 2357 audet
715 2325 830 2355 uenire
845 2326 860 2356 ‚²
874 2323 882 2337 '
930 2323 1022 2355 Man.
1043 2332 1065 2354 v
1093 2324 1154 2355 152
1178 2333 1228 2364 sq.
1250 2323 1418 2364 femineae
1440 2326 1546 2355 uestes
1568 2333 1626 2356 nec
1644 2324 1681 2356 in

145 2387 246 2410 usum
273 2377 420 2418 teqmina
446 2376 578 2417 plantis
599 2374 603 2419 l
623 2376 679 2408 sed
707 2376 849 2415 speciem
873 2375 1009 2415 fictique
1036 2374 1169 2414 placent
1198 2375 1243 2406 ad
1272 2374 1387 2406 mollia
1416 2384 1547 2415 qressus

234 2429 294 2460 521
317 2438 468 2465 auersus,
491 2427 534 2459 de
557 2437 626 2468 quo
650 2426 729 2459 uide
752 2435 780 2458 11
805 2426 956 2458 198—200
979 2429 1015 2457 et
1037 2426 1129 2457 locos
1153 2425 1197 2456 ad
1220 2434 1233 2456 Ι
1256 2426 1321 2456 264
1343 2425 1491 2463 adlatos,
1514 2435 1680 2467 quorsum

142 2490 236 2513 nunc
250 2479 373 2512 tendat
383 2479 457 2511 djxi
470 2479 515 2510 ad
529 2488 557 2510 11
573 2480 646 2511 153.
693 2478 771 2510 Sen.
787 2487 856 2518 n.q.
874 2486 886 2508 1
903 2478 942 2509 16
957 2478 977 2508 2
991 2480 1038 2514 ut,
1051 2486 1127 2508 cum
1140 2477 1255 2508 uirum
1268 2477 1341 2516 ipse
1352 2480 1530 2517 pateretur,
1543 2486 1685 2508 auersus

142 2540 256 2563 omnes
273 2529 470 2562 admissarii
486 2529 542 2560 sui
559 2532 666 2560 motus
684 2529 722 2560 in
739 2528 872 2567 speculo
890 2528 1025 2564 uideret,
1044 2527 1146 2559 Mart.
1164 2536 1205 2558 ,Ἦ
1222 2528 1264 2560 43
1282 2528 1302 2559 9
1320 2537 1371 2568 sq.
1394 2527 1522 2559 Briseis
1539 2527 1682 2559 mullum

141 2581 301 2624 quamuis
320 2590 441 2613 auersa
461 2580 589 2617 iaceret,
612 2578 616 2622 Ι
636 2579 802 2611 Aeacidae
822 2579 931 2618 potior
952 2578 1037 2609 leuis
1057 2578 1187 2609 amicus
1208 2581 1287 2616 erat,
1309 2578 1389 2609 hist.
1413 2578 1500 2620 Aug.
1521 2587 1576 2609 ΧΠ
1600 2579 1637 2610 ll
1662 2580 1682 2610 7

142 2633 360 2667 mulierarius
386 2632 472 2664 inter
496 2631 626 2671 primos
652 2634 825 2667 amatores,
854 2639 992 2661 auersae
1024 2629 1160 2661 Veneris
1187 2639 1314 2669 semper
1341 2630 1480 2670 iqnarus
1507 2633 1536 2661 et
1562 2629 1682 2662 talium

139 2687 328 2727 persecutor
416 2684 512 2715 diues
539 2683 664 2723 puellis
694 2683 890 2724 insequenti
921 2691 1023 2712 uersu
1053 2681 1257 2722 explicatur.
1306 2681 1442 2712 Pliades
1472 2691 1552 2712 cum
1583 2685 1684 2714 sexta

141 2740 242 2780 parte
257 2735 373 2773 Tauri,
389 2745 460 2766 non
474 2734 574 2776 longe
589 2745 610 2766 a
625 2734 712 2775 signi
726 2734 838 2770 initio,
853 2733 933 2764 oriri
946 2732 1111 2764 dicuntur
1122 2733 1264 2764 v140-2
1355 2732 1417 2764 522
1431 2736 1682 2771 glomeramine

142 2788 339 2822 Gronouius
364 2786 436 2818 obs.
464 2794 478 2818 1
502 2795 530 2817 0.
554 2787 585 2823 9,
611 2788 838 2823 glomex-abile
864 2783 952 2821 libri,
979 2787 1019 2815 ut
1047 2792 1061 2814 1
1090 2784 1152 2815 221
1246 2783 1300 2814 hic
1330 2783 1506 2815 Breiterus
1536 2785 1684 2816 miratur

142 2839 304 2873 Pliadum
329 2841 482 2875 tantum,
504 2847 574 2868 non
599 2837 634 2868 in
657 2837 771 2878 capite
796 2835 901 2867 Tauri
926 2835 1119 2876 positarum
1145 2834 1324 2876 Hyadum,
1353 2835 1443 2866 inter
1466 2836 1578 2877 prima
1609 2836 1683 2867 eius
