1872 3183
556 161 1043 205 ASTRONOMICON
1074 161 1141 204 IV
1570 166 1622 204 19

251 273 353 315 haec
374 273 516 315 studia
535 278 578 315 et
597 272 751 314 similes
772 272 885 315 dicet
904 272 1173 314 nascentibus
1194 278 1320 322 artes,

248 352 292 389 et
311 347 440 388 dubia
459 347 503 388 in
522 347 688 402 trepido
708 347 951 402 praecordia
971 351 1139 402 pectore
1160 347 1289 402 finget

247 436 374 476 seque
393 436 469 462 sua
489 435 652 476 semper
671 421 885 476 cupientia
906 421 1085 462 uendere
1104 420 1241 462 laude.

125 503 191 534 140
302 496 463 537 Taurus
482 495 741 550 simplicibus
761 495 930 536 dotabit
949 509 1046 537 rura
1064 495 1222 537 colonis

247 562 494 624 pacatisque
514 569 632 610 labor
651 569 794 611 ueniet
812 584 821 619 3
857 584 931 611 nec
951 569 1138 624 praemia
1158 569 1293 611 laudis

248 643 321 685 sed
340 648 476 685 terrae
495 643 655 685 tribuet
674 648 835 698 partus.
892 644 1124 685 summittit
1143 644 1187 684 in
1206 643 1328 685 astris

248 716 354 759 colla
375 718 602 773 iugumque
622 717 706 759 suis
725 719 861 773 poscit
879 718 1110 760 ceruicibus
1130 719 1231 774 ipse.

83 915 254 958 triumphi
286 917 425 949 nomine
457 917 681 958 significatur.
711 918 833 949 melius
866 918 1017 950 Huetius
1050 927 1292 959 maqnumque
1314 919 1461 959 putauit,
1494 917 1499 961 Ι
1528 927 1623 958 seque

85 969 125 1000 in
147 967 325 1000 Arachnea
346 969 507 1008 diquum
526 973 625 1009 putat
647 979 715 1000 esse
736 970 955 1010 triumphum,
980 973 1020 1001 ut
1043 980 1076 1001 se
1099 969 1274 1001 ablatiuus
1296 973 1396 1001 esset.
1445 969 1623 1000 Bentleius

82 1018 159 1056 hac,
184 1029 274 1060 quae
296 1023 485 1061 utrumque
508 1021 745 1061 praeterierat,
769 1020 921 1052 eiusdem
945 1021 1042 1052 uerbi
1065 1024 1203 1052 mutato
1226 1024 1382 1062 tempore
1405 1021 1622 1061 repetitione,

80 1071 219 1110 putauit
235 1074 344 1111 putat,
366 1081 438 1102 non
457 1071 530 1102 sine
551 1081 657 1103 causa
676 1071 828 1103 offensus
848 1072 986 1113 scripsit
1007 1073 1045 1103 iu
1071 1071 1247 1103 Arachuea
1267 1081 1425 1111 maqnum
1443 1075 1622 1112 portasse

81 1121 301 1162 triumphu-m,
320 1122 415 1163 quod
433 1132 538 1163 quam
557 1126 650 1154 recte
667 1122 806 1154 dicatur
821 1123 952 1164 ignoro.
999 1123 1126 1154 leniore
1142 1123 1339 1154 mutatione
1357 1123 1453 1154 fieret
1468 1121 1626 1163 probauit

81 1173 118 1204 in
145 1183 247 1205 uersu
275 1174 460 1214 superiore,
490 1174 556 1205 nisi
585 1175 641 1205 uel
668 1175 833 1206 maiorem
862 1175 1116 1216 neglegentiam
1146 1174 1290 1207 haberet
1318 1175 1482 1206 iteratum
1509 1174 1624 1214 potius

81 1234 140 1255 uu.
157 1225 222 1257 213
237 1234 305 1266 sq.:
333 1224 412 1256 uide
426 1225 532 1256 etiam
549 1224 593 1256 ad
608 1234 621 1257 1
636 1226 711 1263 224,
728 1226 802 1262 271,
820 1235 864 1257 ΠΙ
881 1226 942 1257 122
957 1225 1128 1257 adnotata
1220 1226 1280 1257 137
1295 1226 1378 1257 dicet
1393 1228 1432 1257 ut
1449 1226 1511 1257 189
1526 1224 1623 1261 dixit,

83 1274 185 1306 Ouid.
202 1274 272 1307 her.
287 1283 337 1306 xv
352 1276 392 1306 81
409 1276 458 1307 ita
471 1276 621 1307 nascenti
635 1276 734 1315 leqem
749 1276 859 1308 dixere
873 1286 1006 1313 sorores,
1021 1277 1110 1307 trist.
1127 1285 1170 1308 111
1188 1277 1228 1308 14
1239 1277 1258 1308 9
1271 1279 1315 1307 est
1323 1276 1410 1317 fuqa
1424 1276 1512 1308 dicta
1526 1274 1623 1311 mihi,

81 1335 150 1357 nou
171 1329 217 1357 est
229 1326 317 1367 fuya
336 1327 424 1358 dicta
441 1326 575 1360 libelli-3.
620 1327 780 1359 similiter
799 1328 923 1360 dictare
943 1327 1086 1369 ponitur
1105 1337 1133 1359 11
1154 1329 1228 1364 401,
1250 1336 1288 1359 Ν
1311 1329 1384 1364 177,
1405 1328 1470 1359 569
1563 1327 1624 1358 138

82 1376 145 1408 139
167 1377 262 1409 Vebt.
287 1377 363 1409 Val.
388 1387 421 1418 p.
446 1379 467 1409 5
491 1378 597 1410 28-31
619 1381 747 1410 ἔσονται
771 1381 824 1410 οὖν
849 1381 876 1410 οἱ
899 1381 1090 1419 γεννώμενοι
1115 1381 1147 1410 ἐν
1170 1382 1272 1419 τούτῳ
1289 1403 1296 1409 .
1316 1403 1323 1410 .
1343 1403 1352 1410 .
1370 1380 1539 1417 ἁλαζόνεσ,
1560 1402 1567 1409 .
1587 1402 1594 1408 .
1615 1402 1622 1409 .

83 1431 230 1468 ἄστατοι,
256 1431 431 1468 ἀνώμαλοι,
451 1453 458 1461 .
478 1453 485 1461 .
505 1454 512 1461 .
531 1431 692 1470 μετέωροι,
718 1430 809 1461 Ptol.
833 1433 914 1462 tetr.
939 1441 973 1472 p.
999 1431 1041 1463 40
1065 1432 1106 1461 τὰ
1128 1432 1186 1469 μὲν
1212 1432 1345 1471 τροπικὰ
1366 1455 1372 1461 .
1393 1455 1400 1461 .
1420 1455 1427 1461 .
1446 1432 1531 1461 ποιεῖ
1561 1431 1625 1461 rao·

82 1482 196 1520 ψυχὰσ
214 1505 221 1513 .
241 1505 248 1512 .
271 1505 278 1512 .
300 1482 490 1520 φιλοδόξουσ
507 1509 513 1513 .
536 1505 543 1512 .
565 1506 571 1512 .
593 1484 644 1512 καὶ
665 1483 849 1519 εὐκινήτουσ
940 1482 1002 1512 138
1029 1485 1139 1520 finget
1155 1482 1314 1513 Vossiani
1331 1481 1426 1513 Leid.
1448 1481 1623 1513 181001310-

81 1541 160 1562 nem
192 1541 265 1563 esse
296 1531 348 1563 ait
375 1531 653 1572 Wagenjngenus
688 1535 837 1573 negante
872 1532 1012 1569 Iacobo,
1048 1543 1196 1573 quorum
1232 1533 1302 1564 utri
1338 1533 1453 1563 minus
1484 1531 1622 1564 credam

81 1581 217 1620 haereo,
243 1581 321 1614 edd.
348 1583 463 1614 nescio
488 1583 615 1623 quibus
643 1586 731 1615 uett.
757 1583 883 1615 tribuit
908 1583 1108 1621 Bechertus,
1135 1594 1198 1625 ego
1221 1587 1302 1615 ante
1322 1583 1532 1624 Scaligerum
1554 1593 1625 1614 non

81 1633 210 1671 inueni,
229 1637 343 1671 figunt
360 1634 409 1671 L2,
427 1637 535 1672 figum
559 1638 605 1671 M,
622 1637 763 1673 signum
785 1638 835 1667 GL
850 1635 925 1666 cod.
944 1635 1107 1672 Venetus,
1127 1639 1213 1673 figet
1227 1634 1327 1667 codd.
1350 1635 1441 1666 Flor.
1463 1638 1499 1666 et
1521 1634 1624 1666 Bodl.

170 1684 317 1715 140-151
333 1684 468 1716 Taurus
488 1685 611 1717 utbos
631 1689 747 1717 arator
767 1686 933 1727 agricolas
956 1686 1066 1727 gignit
1086 1686 1212 1718 laboris
1232 1686 1415 1727 patientes,
1438 1689 1478 1717 ut
1495 1688 1622 1726 στερεὸν

81 1735 191 1776 ζῴδιον
220 1735 293 1775 (lib.
324 1745 353 1768 11
380 1736 488 1778 praef.
521 1746 553 1777 p.
585 1737 648 1776 vii)
677 1740 812 1768 mentes
837 1737 943 1768 efficit
973 1741 1157 1777 ἐπιμόνουσ,
1184 1739 1338 1778 βεβαίασ,
1369 1739 1619 1776 ὑπομονητικὰσ,

82 1789 280 1828 φιλοπόνουσ
303 1787 409 1827 (Ptol.
435 1790 516 1819 tetr.
544 1798 577 1828 p.
605 1789 674 1827 40).
721 1788 817 1819 Vett.
844 1788 920 1820 Val.
947 1798 980 1829 p.
1009 1790 1028 1820 7
1058 1790 1142 1821 ll—3
1169 1791 1197 1820 οἱ
1221 1791 1256 1820 δὲ
1278 1790 1471 1829 γεννώμενοι
1496 1790 1623 1820 ἔσονται

80 1840 210 1878 ἀγαθοὶ,
234 1841 489 1879 ἐργαστηριακοὶ,
507 1841 639 1877 πονικοὶ,
660 1863 667 1870 .
688 1863 695 1870 .
715 1863 722 1870 .
741 1842 830 1871 τινὲσ
845 1841 879 1871 δὲ
892 1843 1057 1879 Ὑεηπὸνοι,
1082 1840 1187 1871 Basil.
1202 1839 1294 1871 hom.
1310 1848 1349 1871 VI
1361 1840 1396 1871 in
1410 1839 1487 1871 hex.
1502 1849 1536 1881 p.
1552 1841 1622 1872 550

79 1890 133 1922 ed.
154 1889 272 1927 Garn„
301 1889 407 1930 Mign.
437 1892 527 1931 patr.
541 1890 599 1922 Gr.
631 1900 664 1931 p.
688 1891 750 1922 130
771 1900 803 1928 C,
836 1892 851 1922 ὁ
871 1893 1049 1932 Ταυριανὸο·
1068 1894 1253 1930 τληπαθὴσ,
1277 1894 1368 1931 φησὶ,
1386 1894 1439 1923 καὶ
1457 1893 1623 1923 δουλικόσ·

80 1943 190 1980 ἐπειδὴ
222 1943 283 1973 ὑπὸ
315 1943 409 1982 ζυγὸν
442 1942 458 1973 ὀ
491 1945 620 1983 ταῦροσ,
663 1941 827 1974 C.C.A.G.
870 1951 939 1974 VIII
979 1943 1002 1974 ii
1043 1953 1077 1984 p.
1120 1943 1162 1975 33
1203 1946 1328 1984 Ταῦροο·
1367 1945 1416 1974 εἰσ
1456 1946 1621 1984 καρτερίαν

78 1993 332 2034 (συμβάλλεται)
462 1992 524 2023 140
570 1996 709 2025 dotabit
756 1997 781 2025 G
827 1993 903 2025 cod.
953 1994 1117 2031 Venetus,
1180 1997 1320 2026 dotauit
1365 1998 1434 2031 Lm,
1481 1995 1623 2026 donauit

75 2042 152 2074 cod.
184 2042 351 2080 Cusanus,
386 2042 521 2075 donabit
553 2043 715 2084 Scaliger,
751 2043 887 2076 dictabit
916 2044 1095 2076 Bentleius
1124 2055 1186 2076 nec
1217 2045 1324 2077 uerbo
1354 2055 1415 2076 nec
1445 2046 1620 2076 sententia

78 2098 163 2136 apta
178 2106 187 2132 3
213 2094 339 2125 colonis
352 2094 443 2125 enim
459 2094 652 2126 ablatiuum
667 2105 741 2126 esse
755 2094 906 2137 Scaliger
917 2095 1100 2133 intellexit,
1115 2107 1193 2127 cum
1209 2096 1335 2128 rectius
1350 2096 1439 2137 agris
1453 2096 1621 2137 agricolas

76 2144 213 2177 Taurus
227 2154 333 2185 quam
351 2144 507 2185 agricolis
522 2154 621 2185 agros
636 2145 718 2177 dare
733 2145 882 2177 dicatur.
929 2145 1031 2178 Ouid.
1049 2146 1118 2178 her.
1134 2155 1184 2178 xv
1202 2148 1266 2178 145
1280 2157 1331 2187 sq.
1349 2150 1383 2178 at
1396 2156 1464 2178 non
1479 2147 1620 2179 inuenio

77 2197 251 2228 dominum
268 2196 438 2236 siluaeque
455 2206 636 2236 meumque.
659 2195 665 2239 Ι
685 2196 753 2228 uile
768 2197 877 2228 solum
895 2197 984 2228 locus
1002 2201 1048 2228 est
1063 2207 1076 2234 ;
1108 2198 1174 2229 doe
1190 2201 1258 2229 erat
1279 2198 1335 2229 ille
1356 2198 1438 2230 loci.
1481 2197 1524 2229 de
1538 2199 1618 2230 sirn-

78 2246 234 2288 plicibus,
262 2257 332 2287 quo
358 2247 497 2278 nomine
522 2247 684 2279 Manilius
710 2250 749 2279 τὰ
776 2251 889 2288 στερεὰ
915 2249 1010 2288 ζῴδια
1037 2249 1227 2289 appellauit
1244 2258 1273 2280 11
1290 2250 1365 2286 664,
1384 2248 1464 2280 uide
1492 2249 1555 2281 188
1580 2253 1617 2281 et

75 2299 170 2330 locos
182 2298 227 2330 ad
242 2299 303 2330 176
317 2297 452 2330 adlatos
545 2299 603 2329 141
617 2301 754 2337 pacatis
764 2299 864 2330 codd.
879 2299 969 2331 Flor.
983 2303 1019 2331 et
1032 2299 1143 2336 Bodl.‚
1157 2303 1277 2338 pacati
1288 2300 1350 2332 GL²
1360 2300 1437 2331 cod.
1451 2300 1616 2337 Venetus,

77 2353 216 2388 paccati
235 2353 269 2386 L,
284 2352 383 2386 pacat
402 2353 447 2381 M.
491 2351 608 2389 pacati
627 2349 717 2381 labor
736 2351 857 2387 ueniet,
879 2360 968 2391 quae
988 2360 1024 2382 se
1042 2361 1165 2391 capere
1184 2354 1289 2392 negat
1307 2350 1552 2383 Laehmannus
1573 2351 1617 2383 ad

76 2401 177 2433 Lucr.
198 2409 222 2432 v
245 2401 339 2437 1203,
362 2400 540 2431 Bentleius
560 2401 611 2432 ita
629 2401 881 2442 interpretatus
900 2405 953 2433 est
973 2404 1013 2432 ut
1029 2402 1145 2442 pacati
1163 2402 1294 2434 diceret
1312 2412 1385 2434 esse
1404 2403 1469 2434 soli
1486 2412 1617 2435 uomere

76 2452 190 2492 pacati
197 2463 206 2489 ;
234 2451 418 2489 Breiterus‚
436 2452 496 2483 uix
511 2452 596 2483 mihi
610 2452 767 2489 credetis,
785 2453 845 2484 sed
861 2453 1001 2490 credite,
1021 2453 1210 2494 ‘pacatique
1226 2454 1297 2485 scil.
1313 2455 1404 2486 tauri
1411 2455 1430 2485 '.
1480 2454 1618 2486 Taurus

74 2502 207 2534 colonis
221 2502 319 2534 labor
333 2503 459 2540 ueniet,
476 2503 541 2534 hoc
556 2506 610 2535 est
623 2514 729 2535 causa
743 2504 869 2535 laboris
883 2504 959 2542 erit,
974 2504 1151 2545 quomodo
1166 2504 1311 2537 Ouidius
1325 2506 1461 2537 locutus
1475 2509 1529 2537 est
1543 2505 1615 2537 her.

73 2563 145 2586 xm
167 2555 231 2586 104
250 2557 286 2585 tu
306 2555 392 2586 mihi
411 2554 484 2586 luce
503 2555 604 2592 dolor,
627 2559 662 2586 tu
682 2555 768 2587 mihi
788 2559 878 2587 nocte
898 2557 1020 2594 uenis3
1052 2556 1084 2587 ei
1105 2559 1222 2588 autem
1240 2558 1357 2597 pacati
1376 2556 1551 2594 dicuntur,
1574 2561 1615 2589 ut

75 2605 178 2646 Prop.
194 2614 238 2636 111
255 2605 294 2637 13
309 2606 351 2636 25
365 2609 528 2645 agrestum
546 2631 552 2637 .
573 2631 579 2637 .
600 2631 606 2638 .
622 2610 745 2647 pacata
758 2608 927 2644 iuuentus,
942 2607 997 2638 cui
1012 2607 1107 2639 uitae
1121 2608 1235 2649 genen'
1248 2608 1423 2640 contraria
1436 2611 1617 2649 ponuntur

73 2657 228 2697 praemia
244 2656 357 2688 laudis
372 2666 497 2698 nempe
513 2657 658 2689 bellicae
674 2670 682 2690 ε
712 2658 792 2689 uide
810 2658 912 2699 Prop.
930 2667 944 2690 1
961 2659 981 2690 6
999 2659 1041 2690 29
1057 2668 1125 2690 non
1142 2668 1198 2699 eqo
1214 2669 1289 2691 sum
1306 2659 1410 2696 laudi,
1429 2668 1498 2692 uon
1513 2663 1615 2692 natus

74 2708 214 2740 idoneus
236 2708 341 2739 armis
364 2717 522 2749 quaeque
544 2712 723 2750 praeterea
744 2709 894 2741 contulit
916 2709 1116 2750 Postgatius
1132 2710 1208 2741 silu.
1226 2710 1319 2742 Man.
1338 2720 1371 2752 p.
1396 2710 1439 2743 36
1552 2711 1616 2743 142

74 2761 269 2791 summittit
293 2762 326 2795 L,
353 2762 498 2791 summit
523 2763 564 2791 ut
589 2763 625 2797 G,
644 2763 788 2792 summit
804 2760 936 2801 reliqua
960 2771 1079 2792 uersus
1104 2764 1203 2802 parte
1228 2761 1356 2793 omissa
1380 2765 1414 2794 M
1504 2766 1613 2796 astris

75 2810 263 2847 Bentleius,
281 2813 395 2842 antris
410 2813 459 2842 GL
472 2810 547 2842 eod.
564 2810 727 2848 Venetus,
743 2813 920 2844 summittit
933 2813 1055 2844 aratris
1068 2812 1168 2844 codd.
1184 2812 1274 2844 Flor.
1290 2816 1326 2844 et
1341 2812 1440 2845 Bodl.
1531 2814 1612 2846 uide

72 2870 88 2893 1
110 2862 176 2894 264
187 2872 238 2903 sq.
255 2862 407 2894 Taurum
423 2860 428 2905 Ι
443 2859 620 2894 summisso
632 2863 730 2895 uultu
742 2863 898 2896 Geminos
910 2867 938 2895 et
943 2863 1054 2905 fronte
1065 2867 1246 2901 uocantem,
1261 2874 1289 2896 11
1301 2865 1365 2897 258
1376 2875 1427 2906 sq.
1444 2864 1580 2898 Taurus
1601 2866 1609 2910 Ι
