1872 3183
188 133 243 172 96
777 131 837 173 Μ.
871 131 1125 172 MANILII

350 242 545 284 Phoebus
565 242 780 284 harenosis
798 242 999 284 Afrorum
1017 242 1190 297 puluere
1210 242 1333 283 terris

351 318 536 359 exsiccat
554 317 747 373 populos,
769 321 812 358 et
831 316 1088 358 Mauritania
1107 331 1262 358 nomen

228 398 294 431 730
351 391 433 433 oris
452 392 584 433 habet
602 391 862 446 titulumque
882 406 958 432 suo
977 391 1061 432 fert
1079 391 1171 446 ipsa
1190 391 1340 433 colore.

350 466 460 507 adde
480 480 603 507 sonos
623 465 805 507 totidem
825 480 993 515 uocum,
1013 465 1195 507 totidem
1215 465 1349 507 insere
1368 464 1533 520 linguas

351 546 394 582 et
413 555 549 582 mores
569 554 646 595 pro
666 545 778 581 sorte
797 554 919 595 pares
938 540 1129 595 ritusque
1149 539 1337 581 locorum
1357 554 1365 589 ;

350 614 459 656 adde
478 629 609 670 genus
628 614 846 670 proprium
866 613 991 655 simili
1011 614 1090 655 sub
1110 614 1267 655 semine
1286 613 1456 669 frugum

350 694 394 730 et
413 689 603 731 Cererem
623 689 742 730 uaria
762 688 1009 730 redeuntem
1029 703 1163 730 messe
1182 703 1256 743 per
1276 688 1400 730 urbes

225 770 292 802 735
348 778 424 805 nec
444 763 617 819 paribus
637 763 810 818 siliquas
830 763 1080 804 referentem
1100 763 1262 804 uiribus
1282 762 1431 812 omnis,

348 852 423 880 nec
443 843 500 888 te,
522 838 702 888 Bacche,
723 838 815 893 pari
835 837 1067 879 donantem
1088 852 1260 879 munere
1279 842 1414 878 terras

350 918 480 968 atque
500 913 602 954 alias
622 912 713 954 aliis
733 912 984 954 fundentem
1003 911 1180 954 collibus
1201 926 1320 961 uuas,

187 1079 307 1112 ordine
333 1080 369 1112 in
396 1083 534 1112 textum
561 1080 681 1122 reponi
772 1081 834 1112 728
861 1084 1018 1119 phoebus
1048 1079 1236 1117 Bentleius‚
1260 1089 1395 1118 poenus
1421 1082 1492 1117 LM,
1517 1088 1653 1118 paenus
1681 1082 1731 1111 G:

188 1130 286 1174 Verg.
304 1131 388 1163 Aen.
405 1140 459 1164 VII
474 1133 537 1164 773
552 1142 615 1174 pro
629 1131 873 1172 Phoebiqenam
888 1131 998 1163 maior
1012 1140 1093 1173 pars
1108 1130 1267 1163 codicum
1282 1130 1518 1171 Poeniyenam.
1567 1129 1729 1162 Phoebus

188 1183 352 1215 Afrorum
373 1183 519 1226 populos
541 1183 682 1226 puluere
703 1183 856 1215 exsiccat
877 1183 912 1214 in
934 1182 1113 1214 harenosis
1134 1182 1235 1214 terris
1325 1182 1388 1214 729
1408 1186 1639 1215 mauretanea.
1662 1185 1739 1219 Lm.

188 1239 415 1268 mauritanea.
434 1235 497 1268 GL²
587 1235 668 1267 Isid.
688 1235 770 1277 orig.
789 1243 852 1266 xlv
873 1236 893 1266 5
915 1235 956 1267 10
975 1234 1197 1266 Mauretania
1218 1236 1337 1265 uocata
1356 1244 1378 1265 a
1396 1234 1500 1266 colore
1515 1233 1733 1275 populorum,

189 1286 307 1318 Graeci
339 1287 428 1319 enim
460 1287 595 1327 niqrum
628 1289 746 1328 μαῦρον
771 1289 892 1317 uocant
982 1285 1043 1317 731
1069 1285 1133 1317 732
1157 1295 1224 1317 om.
1251 1289 1301 1317 GL
1323 1284 1399 1317 cod.
1416 1284 1570 1317 Venetus
1592 1286 1736 1326 propter

190 1337 320 1380 duplex
347 1338 430 1370 adde
519 1339 581 1370 731
611 1337 743 1370 totidem
770 1340 857 1379 quot
883 1340 1002 1378 gentes
1030 1339 1122 1368 sunt.
1171 1336 1257 1368 Vitr.
1287 1344 1326 1368 vI
1355 1337 1369 1367 l
1400 1337 1421 1368 5
1448 1345 1551 1367 sonus
1576 1335 1670 1367 uocis
1696 1335 1736 1366 in

188 1390 361 1430 qeneribus
388 1390 535 1431 yentium
567 1390 719 1430 dispares
749 1392 777 1420 et
806 1389 924 1421 uarias
953 1388 1046 1419 habet
1075 1388 1252 1428 qualitates
1341 1388 1406 1420 732
1435 1390 1528 1419 recte
1558 1387 1734 1419 Breiterus

188 1451 250 1481 pro
263 1444 346 1473 sorte
359 1442 504 1474 locorum
518 1442 708 1473 coniunxit.
757 1451 862 1472 mores
879 1440 1026 1481 ritusque
1036 1450 1100 1480 pro
1113 1443 1196 1471 sorte
1209 1440 1354 1471 locorum
1363 1449 1475 1480 pares,
1489 1439 1735 1471 conuenientes

189 1493 272 1524 locis
302 1503 391 1535 quae
422 1493 575 1535 singulae
604 1495 724 1534 gentes
753 1493 899 1523 sortitae
929 1494 1019 1523 sunt.
1079 1490 1153 1522 Ter.
1185 1490 1296 1522 Maur.
1327 1491 1389 1523 301
1418 1500 1480 1531 pro
1509 1493 1598 1522 statu
1625 1499 1736 1522 rerum

191 1544 324 1577 domare
342 1545 467 1577 lineam
478 1545 582 1586 fandi
596 1554 738 1585 parem3
769 1543 848 1575 uide
872 1553 960 1584 quae
985 1542 1029 1574 ad
1048 1551 1076 1574 11
1094 1543 1158 1575 938
1176 1542 1356 1574 adnotani.
1405 1541 1493 1574 Ptol.
1514 1545 1593 1574 tetr.
1612 1552 1646 1583 p.
1668 1542 1734 1574 15²¹·

190 1598 314 1629 ἱππικοί
336 1610 425 1629 τινεσ
449 1599 575 1636 μᾶλλον
600 1598 651 1627 διὰ
673 1598 711 1627 τὸ
726 1598 789 1634 τῆσ
809 1597 921 1636 χώρασ
945 1596 1083 1634 πεδινὸν,
1103 1597 1155 1626 καὶ
1178 1597 1317 1626 ναυτικοὶ
1335 1595 1384 1625 διὰ
1408 1596 1465 1632 τὴν
1488 1596 1550 1632 τῆο·
1567 1595 1737 1632 θαλάττησ·

191 1651 367 1688 ἐγγύτητα,
395 1651 447 1680 καὶ
472 1651 581 1689 ἥμεροι
608 1650 659 1679 διὰ
684 1649 743 1686 τὴν
768 1649 831 1685 τῆσ
856 1648 968 1687 χώρασ
990 1648 1135 1684 εὐθηνίαν
1226 1645 1378 1677 733-740
1398 1643 1462 1676 Ed.
1486 1643 1670 1676 Muellerus
1692 1644 1736 1675 de

193 1699 305 1731 Posid.
326 1699 417 1731 Man.
438 1702 529 1731 auct.
550 1709 582 1741 p.
603 1700 646 1730 29
663 1698 815 1730 contulit
832 1697 908 1729 Liu.
920 1705 1068 1729 XXXVIII
1088 1698 1127 1728 17
1147 1696 1187 1728 10
1201 1695 1402 1737 infruyibus
1411 1695 1656 1736 pecudibusque
1667 1705 1736 1727 non

192 1754 323 1783 tantum
333 1751 462 1783 semina
472 1751 515 1782 ad
524 1750 726 1783 seruandam
737 1749 881 1781 indolem
892 1749 1005 1781 ualent
1014 1751 1177 1789 quantum
1186 1750 1289 1780 terrae
1298 1747 1490 1788 proprietas
1502 1746 1658 1788 caelique,
1674 1746 1735 1779 sub

193 1812 256 1843 quo
272 1802 419 1840 aluntur,
436 1805 542 1833 mutat
555 1805 592 1833 et
607 1801 695 1833 Vitr.
714 1809 782 1832 VIII
798 1802 817 1833 3
836 1801 876 1832 12
892 1810 941 1841 sq.
960 1799 1036 1831 haec
1053 1824 1061 1831 .
1080 1824 1088 1831 .
1108 1824 1115 1831 .
1135 1810 1156 1830 a
1171 1802 1274 1830 terrae
1285 1799 1487 1839 proprietate
1503 1798 1735 1840 perficiuntur,

194 1854 246 1885 uti
258 1854 357 1885 etiam
369 1854 406 1885 in
412 1853 580 1895 fructibus
591 1853 733 1885 uidetur.
782 1852 812 1883 si
830 1852 919 1883 enim
936 1852 1064 1883 radice-3
1080 1851 1233 1882 arborum
1251 1854 1309 1881 aut
1321 1851 1444 1883 uitium
1461 1853 1520 1882 aut
1536 1849 1738 1890 reliquorum

195 1905 361 1937 seminum
379 1915 448 1936 non
467 1915 505 1936 ex
523 1908 626 1936 terrae
642 1903 905 1945 proprietatibus
924 1913 1041 1935 sucum
1058 1902 1220 1943 capiendo
1240 1902 1366 1934 ederent
1376 1901 1521 1943 sructuS,
1539 1911 1608 1933 uno
1625 1910 1739 1942 yenere

196 1960 301 1989 essent
322 1957 360 1989 in
381 1956 539 1989 omnibus
560 1956 642 1988 locis
663 1959 690 1987 et
710 1955 899 1996 reyionibus
916 1955 1068 1986 omnium
1088 1965 1232 1996 sapore&
1280 1954 1336 1986 sed
1356 1953 1658 1986 animaduertimus
1674 1977 1681 1984 .
1701 1977 1709 1984 .
1727 1976 1736 1984 .

196 2008 277 2040 locis
289 2008 446 2049 pluribus
461 2007 704 2040 innumerabili
720 2007 936 2039 multitudine
950 2017 1068 2047 qenera
1082 2006 1160 2037 uini
1175 2006 1376 2046 uirtutesque
1388 2005 1557 2046 procreari
1573 2029 1580 2036 .
1600 2029 1608 2036 .
1627 2029 1634 2037 .
1653 2004 1740 2045 quod

197 2060 228 2091 si
246 2063 332 2091 terra
349 2059 522 2099 qeneribus
538 2069 693 2090 umorum
711 2068 779 2090 non
799 2061 879 2089 esset
896 2058 1076 2089 dissimilis
1094 2060 1122 2088 et
1140 2057 1325 2098 disparata,
1345 2067 1414 2088 non
1432 2059 1562 2088 tantum
1580 2056 1618 2088 in
1635 2056 1740 2096 Syria

197 2114 225 2142 et
253 2111 384 2143 Arabia
413 2111 451 2142 in
479 2109 731 2142 harundinibus
759 2113 788 2141 et
815 2110 927 2141 iuncis
964 2108 1133 2149 herbisque
1161 2108 1316 2140 omnibus
1344 2111 1448 2140 essent
1474 2108 1587 2140 odores
1603 2131 1611 2139 .
1629 2131 1638 2140 .
1657 2131 1665 2138 .
1683 2107 1740 2138 sed

197 2164 236 2194 in
248 2163 342 2194 omni
355 2166 441 2194 terra
453 2161 643 2203 reyionibus
657 2161 766 2193 eodem
778 2171 891 2201 qenere
904 2161 1020 2192 omnia
1029 2163 1281 2201 procrearentur
1295 2183 1303 2192 .
1322 2183 1330 2190 .
1351 2183 1358 2190 .
1379 2184 1384 2189 .
1405 2159 1504 2191 etiam
1517 2160 1555 2190 in
1564 2158 1740 2200 pecoribus

199 2218 227 2245 et
245 2214 405 2246 armentis
423 2213 501 2245 haee
519 2223 587 2245 non
605 2213 654 2245 ita
671 2212 826 2244 similiter
850 2214 1046 2254 efficerentur
1070 2211 1143 2244 nisi
1160 2214 1225 2243 etc.
1317 2211 1380 2242 733
1399 2210 1507 2242 simili
1524 2209 1584 2241 sub
1602 2209 1739 2247 semine,

200 2265 361 2306 quamuis
382 2274 503 2296 earum
523 2274 640 2296 semen
661 2265 771 2296 simile
788 2265 847 2301 sit,
867 2272 880 2295 1
900 2264 963 2295 147
982 2273 1032 2304 sq.
1046 2263 1155 2304 facies
1181 2271 1386 2304 quacumque
1403 2264 1513 2293 tamen
1532 2260 1592 2292 sub
1611 2260 1740 2301 oriqine

197 2327 309 2348 rerum
331 2314 335 2359 Ι
354 2317 510 2348 conuenit
600 2316 664 2348 734
700 2316 849 2348 Cererem
883 2315 1005 2346 latiore
1039 2324 1145 2355 quam
1179 2314 1269 2345 solet
1301 2313 1551 2354 significatione
1585 2312 1740 2354 positum

199 2378 271 2400 esse
293 2367 447 2399 ostendit
467 2367 621 2408 siliquas.
670 2377 713 2398 ne
735 2366 830 2398 urbes
852 2366 1002 2407 quidem,
1028 2366 1123 2406 quod
1144 2375 1166 2397 a
1186 2364 1418 2407 superioribus
1438 2373 1518 2395 oum
1539 2363 1614 2396 cod.
1638 2362 1738 2396 Bodl.

199 2420 235 2451 in
256 2419 363 2451 orbem
384 2421 564 2450 mutatum
587 2417 764 2450 Bentleius
784 2418 973 2454 reuocauit,
996 2417 1105 2458 magis
1125 2417 1280 2448 restricte
1301 2414 1539 2457 accipiendum
1559 2417 1613 2447 est
1633 2424 1740 2456 quam

201 2479 223 2501 v
243 2471 308 2502 200
327 2480 377 2511 sq.
398 2469 525 2501 catulos
543 2469 670 2501 nutrire
689 2469 822 2509 saqacis
843 2466 847 2500 Ι
869 2472 896 2500 et
915 2479 1017 2508 yenus
1035 2478 1057 2499 a
1072 2468 1225 2508 proauis,
1245 2477 1349 2498 mores
1367 2476 1540 2498 numerare
1554 2476 1616 2507 per
1633 2465 1740 2503 urbes,

203 2521 261 2554 ubi
278 2520 515 2563 significantur
529 2530 631 2552 canes
647 2530 667 2552 a
683 2519 879 2561 regionibus
895 2519 1061 2561 appellati
1077 2519 1242 2556 Lacones,
1259 2518 1408 2555 Molossi,
1424 2517 1556 2555 Vmbri,
1573 2517 1739 2560 Hyrcani.

201 2573 357 2605 similiter
381 2573 529 2605 Graecos
555 2575 676 2614 poetas
700 2571 835 2603 locutos
856 2581 928 2602 esse
951 2571 1100 2602 adnotat
1125 2570 1249 2603 Strabo
1272 2578 1341 2601 VIII
1364 2579 1396 2611 p.
1421 2570 1485 2602 356
1508 2572 1596 2602 τινὲσ
1624 2571 1658 2601 δὲ
1675 2592 1683 2600 .
1703 2592 1710 2600 .
1731 2592 1739 2601 .

199 2627 298 2663 φασὶν
317 2648 324 2656 .
343 2648 350 2656 .
369 2648 377 2655 .
396 2626 596 2665 Στησίχορον
613 2647 621 2655 .
642 2647 649 2654 .
667 2647 674 2654 .
698 2625 806 2655 καλεῖν
830 2626 923 2655 πόλιν
947 2625 1005 2661 τὴν
1029 2625 1136 2663 χώραν
1161 2624 1265 2654 Πῖσαν
1291 2624 1480 2661 λεγομένην,
1504 2622 1550 2653 ὡσ
1567 2622 1582 2653 ὀ
1602 2622 1741 2660 ποιητὴσ

199 2678 258 2714 τὴν
275 2678 402 2717 Λέσβον
421 2677 578 2716 Μάκαροσ
600 2677 705 2706 πόλιν.
754 2677 931 2715 Εὐριπίδησ
954 2675 981 2706 δ’
998 2676 1031 2705 ἐν
1041 2674 1129 2705 Ἴωνι
1147 2678 1154 2690 ‘
1168 2673 1277 2714 Εὔβοι’
1295 2673 1451 2712 Ἀθήναισ
1465 2674 1533 2704 ἐστί
1550 2684 1603 2704 τισ
1625 2673 1741 2712 γείτων

202 2728 319 2759 πόλισ’
345 2730 396 2758 καὶ
422 2729 454 2758 ἐν
477 2727 693 2765 Ῥαδαμάνθυι
721 2729 770 2757 ‘02¹
794 2728 858 2765 ’γῆν
889 2726 998 2766 ἕχουσ’
1025 2726 1178 2766 Εὐβοῖδα,
1201 2726 1390 2765 πρόσχωρον
1416 2726 1509 2757 πόλιν
1522 2724 1542 2761 ’,
1567 2725 1742 2762 Σοφοκλῆσ

201 2780 228 2810 δ’
263 2781 296 2809 ἐν
330 2780 460 2810 Μυσοῖσ
492 2783 500 2797 ‘
514 2779 607 2809 Ἀσία
639 2779 696 2816 μὲν
729 2779 748 2816 ἡ
778 2780 934 2815 σύμπασα
967 2776 1126 2817 κλῄζεται,
1153 2778 1233 2815 ξένε,
1253 2774 1258 2819 Ι
1274 2777 1372 2807 πόλισ
1406 2777 1439 2807 δέ
1477 2776 1597 2807 Μυσῶν
1631 2775 1742 2806 Μυσία

204 2831 428 2871 προσήγοροσ’
520 2829 582 2861 736
600 2839 657 2860 nec
684 2832 713 2860 te
730 2852 737 2860 .
758 2853 764 2860 .
784 2852 790 2859 .
807 2828 887 2868 pari
914 2828 1089 2859 donantem
1115 2836 1258 2864 munere,
1285 2829 1322 2858 et
1347 2829 1382 2858 te
1408 2835 1548 2857 munere
1573 2834 1643 2857 non
1668 2825 1742 2866 pari
