1872 3183
234 97 253 134 1
262 96 316 135 20
830 97 891 139 Μ.
924 96 1177 139 MANILII

393 205 452 247 sie
473 220 560 247 esse
579 206 623 247 in
644 206 765 248 nobis
785 211 975 248 terrenae
995 222 1170 262 corpora
1190 207 1314 249 sortis

393 280 727 336 sanguineasque
748 281 911 322 animas
931 281 1087 332 animo,
1109 282 1181 336 qui
1200 286 1356 324 cuncta
1376 281 1585 337 gubernat

231 387 395 420 Romanis
412 389 660 429 uaqabantur,
690 389 731 421 ab
760 390 802 422 A.
834 390 1008 422 Postumio
1042 400 1105 422 cos.
1141 398 1298 422 Mamaea
1319 400 1428 422 caesos
1443 401 1455 427 ,·
1496 393 1633 422 ceteram
1661 389 1775 421 multi-

227 439 376 471 tudinem
401 440 563 480 praedam
587 443 744 480 wentam,
771 451 854 481 quae
883 441 1066 473 inciderit
1092 442 1131 473 in
1156 441 1361 480 Quinctium,
1385 451 1593 482 nequaquam
1614 442 1695 482 pari
1721 441 1776 472 de·

221 490 381 531 functam
405 501 472 523 esse
495 491 591 524 caede
614 502 676 523 nec
701 502 778 523 raro
803 492 885 524 alibi
975 503 1094 524 uersus
1119 496 1237 534 aperte
1261 494 1415 535 corrupti
1439 493 1638 534 pariterque
1661 495 1777 524 metro

227 543 384 574 oratione
400 543 574 575 sententia
588 543 780 575 laborantis
795 543 993 576 emendatio
1009 544 1179 586 proficisci
1196 544 1302 576 debet
1317 544 1362 576 ab
1377 545 1486 576 altero
1504 544 1776 586 comparationis

228 594 385 626 membro
408 594 456 626 sic
481 605 548 627 esse
570 605 708 636 corpora
731 595 927 636 animasque
950 596 1076 633 animo,
1100 596 1136 627 in
1161 606 1230 637 quo
1255 595 1341 627 nihil
1365 599 1418 628 est
1441 595 1536 637 quod
1560 595 1677 628 mendi
1699 605 1774 627 sus—

226 645 399 687 picionem
421 649 572 678 moueat.
619 647 740 688 itaque
761 646 948 688 requiritur
969 648 1121 689 primum
1143 648 1284 679 datiuus
1306 648 1455 680 nominis
1476 658 1553 679 eam
1575 657 1648 679 rem
1669 647 1773 689 signi—

227 696 364 728 ficantis
381 707 470 739 quae
486 698 571 729 item
588 698 759 730 mundum
776 698 946 740 gubernet
962 702 1002 730 ut
1018 699 1195 731 hominem
1212 699 1358 731 animus.
1406 700 1434 731 is
1450 709 1521 731 non
1537 699 1604 731 erit
1619 698 1773 739 spiritui,

225 758 335 789 quam
355 748 466 780 datiui
486 752 632 790 quartae
651 749 800 781 formam
820 753 945 792 poetae
965 753 1211 792 praeterquam
1229 751 1266 782 in
1285 750 1400 782 domui
1419 750 1584 782 uitabant
1603 750 1773 792 (plerique

227 800 335 831 etiam
355 800 515 840 alteram)
532 813 538 831 :
573 801 727 842 alioquin
744 802 854 832 conici
874 802 991 842 potuit
1011 801 1177 842 spiritui
1198 804 1226 833 et
1243 802 1371 839 menti,
1392 804 1494 833 totum
1510 812 1595 842 quae
1614 801 1775 842 injussa

224 851 404 892 gubernent
427 852 554 884 collato
577 852 681 885 Solin.
708 853 751 885 23
775 854 818 885 20
838 853 973 894 physici
996 854 1094 885 aiunt
1122 853 1305 885 muudum
1327 854 1458 885 animal
1481 864 1548 886 esse
1572 862 1709 894 eumque
1732 862 1776 884 ex

226 904 356 935 uariis
379 903 644 936 elementorum
667 905 893 945 corporibus
933 905 1160 945 conqlobatum
1194 905 1322 937 moueri
1345 905 1502 946 spiritu,
1538 905 1606 945 reqi
1639 907 1776 942 mente,

227 965 323 995 quae
346 956 505 996 utraqlue
531 955 682 997 diffusa
705 966 766 997 per
798 956 944 988 membra
972 957 1088 988 omnia
1113 959 1264 988 aeternae
1289 957 1387 988 molis
1412 957 1560 997 uiqorem
1585 959 1775 994 exerceant3

225 1016 309 1038 nam
325 1007 361 1038 in
377 1007 442 1038 hac
458 1007 614 1039 oratione
629 1007 678 1039 ibi
693 1010 731 1039 ut
745 1011 782 1039 et
797 1008 856 1045 sic,
871 1007 931 1039 ubi
946 1008 1032 1049 quod
1047 1011 1084 1040 et
1100 1008 1136 1040 id
1151 1009 1400 1050 expectaueris,
1417 1009 1500 1050 poni
1516 1018 1616 1050 posse
1632 1007 1774 1049 colligas

223 1068 270 1089 ex
292 1057 399 1090 Lucil.
423 1058 481 1090 lib.
506 1067 543 1090 IV
566 1069 621 1100 ap.
645 1058 735 1090 Non.
760 1069 792 1100 p.
818 1060 882 1091 207
904 1070 996 1097 nam,
1019 1063 1056 1091 ut
1077 1059 1172 1091 nobis
1193 1059 1282 1091 talus
1303 1069 1477 1100 qenusque,
1501 1063 1546 1091 est
1567 1059 1696 1100 (nescio
1718 1059 1775 1091 cui

226 1109 367 1141 animali
391 1110 506 1141 nescio
530 1120 619 1151 quae
642 1120 722 1151 pars
745 1111 843 1150 eius).
892 1111 952 1142 sed
974 1111 1075 1142 facile
1099 1121 1142 1142 eX
1165 1111 1325 1152 spiritum
1347 1111 1492 1149 elicitur,
1516 1111 1609 1142 unde
1631 1110 1775 1142 datiuus

226 1161 390 1202 pendeat,
422 1161 617 1202 hospitium,
649 1161 744 1202 quod
775 1171 882 1202 quam
913 1163 1107 1194 sententiae
1139 1165 1263 1204 aptum
1294 1163 1340 1194 sit
1370 1162 1562 1194 ostendunt
1592 1162 1696 1193 Firm.
1730 1170 1776 1193 111

226 1222 378 1254 prooem.
392 1213 413 1243 2
424 1212 504 1244 deus
521 1237 528 1244 .
549 1237 556 1244 .
575 1236 583 1244 .
603 1213 651 1244 ita
663 1212 829 1244 hominem
846 1237 853 1244 .
873 1238 881 1245 .
900 1237 907 1244 .
927 1214 1122 1254 composuit,
1135 1217 1172 1245 ut
1188 1238 1195 1245 .
1215 1237 1223 1245 .
1242 1237 1250 1245 .
1269 1213 1390 1245 diuino
1401 1213 1455 1245 illi
1465 1213 1616 1254 spiritui,
1630 1213 1690 1253 qui
1707 1236 1714 1244 .
1734 1236 1742 1244 .
1761 1237 1770 1244 .

224 1274 265 1295 ex
275 1263 404 1296 caelesti
414 1267 519 1296 mente
529 1264 703 1301 descendit,
716 1264 789 1295 licet
795 1263 918 1305 fraqile
930 1265 986 1297 sed
996 1268 1106 1296 tamen
1117 1265 1151 1296 si
1157 1265 1244 1296 mile
1256 1265 1394 1296 mundo
1404 1267 1539 1305 pararet
1551 1264 1777 1305 hospitium,

227 1314 309 1347 Luc.
331 1324 370 1347 IX
389 1315 454 1347 578
473 1325 524 1356 sq.
546 1319 633 1348 estne
652 1315 705 1347 dei
721 1316 826 1347 sedes
844 1316 916 1348 nisi
934 1319 1020 1348 terra
1040 1320 1068 1347 et
1084 1319 1210 1357 pontus
1229 1319 1258 1348 et
1276 1326 1332 1348 aer
1353 1315 1358 1359 Ι
1380 1319 1408 1348 et
1426 1315 1555 1348 caelum
1574 1318 1603 1348 et
1621 1316 1731 1347 uirtus
1746 1316 1773 1347 ?.

225 1367 297 1398 iam
311 1377 414 1398 mens
427 1367 548 1398 diuina
561 1367 693 1399 mundo
706 1367 823 1399 infusa
836 1371 873 1400 et
885 1378 946 1410 per
959 1369 1032 1399 eius
1046 1371 1163 1410 partes
1177 1367 1305 1399 diffusa
1319 1367 1413 1410 apud
1427 1370 1549 1409 poetas
1562 1371 1599 1399 et
1611 1367 1775 1409 physicos

225 1418 432 1460 peruulgata
449 1428 502 1450 res
519 1421 595 1450 est:
626 1427 655 1449 Π
673 1419 760 1451 (ΞΟ-2
777 1419 878 1450 tacita
890 1422 1031 1451 naturae
1053 1422 1172 1451 mente
1191 1422 1356 1460 potentem
1377 1417 1382 1462 Ι
1401 1418 1642 1460 insusumque
1667 1418 1776 1450 deum

224 1469 315 1501 caelo
348 1469 506 1510 terrisque
533 1469 682 1511 fretoque
701 1468 706 1512 Ι
728 1470 892 1509 inqentem
925 1470 1060 1511 aequali
1093 1470 1314 1502 moderantem
1344 1469 1475 1511 foedere
1508 1469 1636 1507 molem,
1670 1469 1772 1511 Verg.

224 1521 310 1553 Aen.
332 1529 371 1552 VI
391 1522 498 1552 724-7
519 1521 647 1553 caelum
666 1531 704 1552 ac
724 1525 826 1552 terras
845 1532 1042 1562 camposque
1062 1522 1219 1562 liquentis
1240 1520 1245 1563 Ι
1265 1521 1487 1562 lucentemque
1506 1521 1637 1562 qtobum
1655 1520 1775 1553 [mnae

229 1572 432 1613 Titaniaque
454 1576 546 1604 astra
566 1571 571 1616 Ι
590 1572 732 1614 spiritus
755 1574 848 1605 intus
870 1574 942 1611 alit,
966 1577 1147 1614 totamque
1164 1573 1301 1615 infusa
1313 1583 1374 1614 per
1397 1576 1490 1605 artus
1510 1571 1516 1616 Ι
1536 1583 1641 1604 mens
1663 1573 1770 1613 aqitat

225 1624 358 1656 molem
378 1627 406 1656 et
426 1635 545 1664 maqno
565 1635 599 1657 se
618 1633 751 1665 corpore
778 1625 901 1663 miscet,
921 1635 1043 1667 paneg.
1067 1625 1144 1656 Lat.
1165 1633 1205 1656 X1
1228 1626 1268 1657 14
1288 1626 1309 1656 2
1329 1635 1454 1656 numen
1471 1649 1478 1655 .
1498 1649 1505 1656 .
1525 1648 1532 1656 .
1553 1624 1625 1656 eius
1650 1624 1775 1665 (Iouis)

224 1686 264 1707 ac
289 1679 445 1708 mentem
469 1678 542 1707 toto
569 1675 742 1716 infusam
766 1687 844 1708 esse
866 1677 1015 1715 mundo,
1033 1685 1088 1708 XII
1111 1677 1154 1708 26
1179 1678 1194 1708 1
1220 1687 1347 1708 summe
1368 1686 1479 1707 rerum
1501 1678 1601 1713 sator,
1619 1699 1627 1706 .
1645 1698 1654 1707 .
1673 1699 1681 1707 .
1699 1675 1774 1707 siue

225 1728 265 1759 in
284 1730 313 1759 te
331 1727 493 1768 quaedam
509 1727 572 1758 uis
593 1737 768 1767 mensque
794 1727 917 1759 diuina
936 1731 992 1765 est,
1009 1738 1083 1768 qua
1108 1730 1181 1758 toto
1202 1727 1338 1768 infusa
1362 1727 1501 1759 mundo
1519 1725 1674 1758 omnibus
1693 1726 1774 1758 mis-

224 1779 331 1810 cearis
349 1778 525 1816 elementia
544 1778 611 1810 Cic.
631 1778 701 1810 n.d.
718 1787 731 1810 1
750 1779 792 1810 28
805 1779 965 1819 quomodo
982 1803 988 1810 .
1009 1803 1016 1810 .
1036 1803 1043 1810 .
1062 1779 1143 1811 deus
1161 1779 1221 1810 iste
1238 1803 1245 1810 .
1265 1802 1272 1810 .
1292 1803 1300 1810 .
1320 1781 1378 1810 aut
1396 1778 1523 1820 infixus
1540 1780 1599 1809 aut
1615 1777 1775 1819 infusus

224 1832 306 1861 esset
322 1830 364 1861 in
389 1829 537 1867 mimda,
559 1829 636 1862 Sen.
659 1829 736 1861 ben.
759 1838 797 1861 IV
818 1831 837 1861 7
861 1831 876 1861 1
900 1830 980 1862 deus
1001 1833 1029 1861 et
1049 1830 1172 1861 diuina
1194 1830 1279 1861 ratio
1303 1829 1372 1861 toti
1396 1829 1535 1861 mundo
1557 1828 1776 1870 partibusque

225 1882 299 1913 eius
315 1881 470 1918 inserta,
491 1881 572 1912 Luc.
595 1889 619 1912 v
639 1881 727 1913 93-5
747 1881 861 1912 terris
877 1881 1023 1913 inserta
1039 1881 1214 1922 reqendis
1231 1905 1239 1913 .
1259 1905 1266 1913 .
1285 1905 1293 1913 .
1310 1880 1412 1913 totius
1425 1890 1508 1921 pars
1522 1890 1645 1920 mayna
1664 1880 1774 1918 Iouis,

223 1932 293 1965 Cic.
310 1932 381 1964 n.d.
398 1941 411 1964 1
426 1933 469 1965 39
483 1932 532 1964 ait
546 1932 788 1974 (Chrysippus)
803 1933 876 1964 uim
890 1933 1047 1965 diuinam
1062 1933 1100 1964 in
1114 1933 1243 1964 ratione
1259 1942 1326 1964 esse
1338 1932 1485 1973 positam
1500 1935 1528 1963 et
1542 1932 1581 1963 in
1594 1931 1775 1963 uniuersae

225 1987 366 2016 naturae
390 1984 505 2015 animo
528 1986 624 2024 atque
648 1987 763 2022 mente,
789 1984 967 2025 ipsumque
991 1984 1155 2016 mundum
1179 1984 1277 2016 deum
1301 1983 1382 2015 dicit
1406 1994 1473 2015 esse
1498 1986 1527 2015 et
1552 1983 1624 2014 eius
1648 1982 1775 2014 animi

217 2036 418 2077 fusionem
437 2036 644 2073 uniuersam,
665 2044 693 2067 II
715 2037 779 2067 115
800 2046 838 2067 ea
856 2039 991 2073 natura,
1009 2046 1093 2077 quae
1109 2046 1170 2077 per
1187 2046 1317 2067 omnem
1337 2035 1512 2072 mundum,
1533 2034 1649 2066 omnia
1668 2037 1775 2066 mente

225 2091 256 2119 et
266 2088 395 2119 ratione
405 2087 592 2128 conficienS,
600 2086 796 2128 funditur,
809 2087 886 2119 Sen.
900 2087 979 2119 dial.
992 2096 1046 2118 XII
1059 2088 1079 2118 8
1092 2088 1111 2119 3
1123 2087 1265 2119 diuinus
1276 2086 1418 2128 spiritus
1427 2096 1488 2127 per
1499 2086 1614 2117 omnia
1624 2085 1776 2117 maxima

227 2149 265 2171 ac
282 2139 427 2171 minima
443 2139 575 2179 aequali
591 2139 773 2170 intentione
789 2138 974 2180 diffusus,
989 2139 1094 2170 schol.
1114 2139 1215 2171 Bern.
1235 2138 1316 2170 Luc.
1336 2147 1375 2169 IX
1392 2138 1457 2169 578
1473 2137 1554 2169 deus
1571 2140 1616 2169 est
1631 2137 1777 2178 spiritus

226 2190 406 2222 rationalis
428 2200 490 2231 per
515 2200 648 2221 omnem
671 2189 847 2231 diffusus
873 2190 1058 2227 materiam,
1077 2189 1134 2221 hoc
1162 2193 1207 2221 est
1233 2192 1354 2221 terram
1379 2198 1502 2229 aquam
1528 2198 1607 2219 aera
1631 2187 1778 2225 caelum,

228 2242 333 2274 Solin.
352 2242 415 2274 100.
434 2252 525 2283 supr.
544 2241 611 2273 adl.
659 2242 779 2283 itaque
798 2241 864 2273 hoc
883 2244 989 2283 poeta
1008 2242 1145 2283 quaerit
1162 2253 1168 2272 ι
1210 2251 1256 2273 an
1276 2240 1416 2273 dubium
1435 2243 1490 2277 est,
1511 2240 1596 2271 sicut
1615 2239 1774 2278 mundus,

225 2305 266 2326 ex
287 2303 361 2325 aere
381 2293 454 2333 iqni
475 2296 561 2324 terra
581 2303 670 2333 aqua
690 2296 855 2330 constans,
878 2293 1062 2334 hospitium
1083 2296 1129 2325 est
1150 2292 1253 2324 menti
1274 2292 1414 2324 diuinae
1434 2301 1518 2332 quae
1540 2291 1570 2322 ei
1591 2290 1710 2332 infusa
1729 2291 1775 2322 sit

225 2355 366 2386 eumque
380 2347 483 2377 totum
497 2344 660 2385 qubernet,
676 2344 725 2376 sic
739 2354 877 2385 corpora
891 2348 1004 2376 nostra
1018 2347 1146 2376 terrena
1160 2344 1357 2384 animasque
1371 2343 1576 2383 sanquineas
1591 2342 1776 2384 hospitium

226 2407 297 2428 esse
313 2396 439 2434 animo,
457 2396 516 2437 qui
528 2396 674 2437 reliquas
687 2406 800 2428 omnes
813 2399 926 2436 partes
944 2396 1102 2436 qubernat
1118 2396 1352 2436 dispensatque
1365 2394 1531 2426 hominem
1542 2395 1558 2426 ?
1667 2394 1774 2426 ceteri

229 2458 318 2489 quae
350 2450 538 2485 nouarunt,
571 2447 669 2479 uelut
700 2446 851 2489 Scaliger
882 2448 1025 2488 spiritus
1051 2451 1090 2485 et,
1116 2450 1179 2479 toto
1203 2447 1323 2488 rapido
1347 2456 1432 2487 quae
1456 2446 1561 2483 iussa,
1587 2444 1776 2486 qubernans

229 2500 254 2539 (‘
269 2500 411 2541 spiritus
425 2499 632 2541 gubernans,
648 2509 737 2540 quae
751 2499 845 2531 iussa
859 2503 942 2531 sunt
955 2500 991 2530 in
1006 2502 1084 2531 tota
1097 2499 1162 2530 hac
1178 2499 1267 2531 mole
1281 2498 1403 2540 rapida
1417 2497 1454 2538 ⁷),
1469 2497 1619 2529 Iacobus
1632 2497 1777 2538 spiritus

228 2554 258 2583 et
278 2554 368 2583 motu
389 2551 469 2592 (hoc
489 2550 690 2590 Withofius)
710 2551 842 2591 rapido,
863 2561 947 2591 quae
967 2551 1056 2588 uisa,
1078 2550 1241 2591 qubernet,
1264 2549 1440 2582 Garrodus
1461 2549 1603 2590 spiritus
1624 2552 1652 2580 et
1672 2551 1776 2580 totum

227 2602 376 2643 ratioque
403 2601 521 2643 infusa
547 2601 736 2642 qubernent,
763 2605 947 2643 propterea
974 2601 1108 2633 futtilia
1135 2605 1218 2633 sunt
1244 2601 1327 2642 quia
1353 2601 1389 2632 in
1416 2600 1481 2632 hoc
1509 2610 1578 2631 uno
1606 2599 1776 2631 uersiculo

229 2653 353 2685 defixis
382 2653 489 2685 oculis
518 2653 687 2694 reliquam
716 2654 910 2685 orationem
939 2653 1166 2695 neglexerunt
1195 2662 1307 2693 neque
1336 2652 1534 2684 uniuersam
1563 2651 1774 2683 sententiam

230 2708 347 2736 mente
368 2704 539 2746 complexi
559 2707 667 2742 sunt;
700 2707 741 2736 ut
761 2704 857 2735 nulla
878 2704 992 2735 adhuc
1012 2704 1108 2736 facta
1128 2705 1174 2736 sit
1194 2704 1393 2735 coniectura
1413 2704 1498 2744 quin
1518 2712 1634 2734 secum
1654 2701 1776 2734 trahat

230 2766 350 2787 uersus
373 2756 437 2788 892
460 2755 670 2788 immutandi
693 2756 946 2787 necessitatem.
996 2755 1174 2787 Bentleius
1197 2765 1300 2787 uersu
1324 2756 1389 2787 890
1412 2755 1527 2787 deleto
1548 2754 1585 2785 in
1606 2753 1776 2796 proximis

228 2807 267 2838 ui
299 2810 475 2849 grassatus
508 2810 561 2839 est
651 2806 714 2837 892
748 2806 963 2847 sanquineas,
997 2808 1163 2849 sanguine
1197 2806 1251 2838 uel
1285 2809 1486 2838 constantes
1518 2805 1574 2836 uel
1606 2804 1771 2836 nutritas.
