1872 3183
256 130 337 168 114
845 125 907 167 M.
939 123 1190 166 MANILII

413 239 555 281 dixere
575 237 753 293 antiqui.
811 236 968 292 pariter
990 236 1063 277 sed
1083 236 1182 277 bina
1201 236 1410 286 laborant,

290 322 357 353 850
413 328 489 355 nec
509 313 648 355 uicina
667 312 759 353 loco
779 312 852 352 sed
872 326 982 365 quae
1001 311 1212 352 contraria
1232 311 1407 366 fulgent,

412 389 521 430 sicut
541 388 661 428 Luna
681 401 757 428 suo
776 392 871 427 tum
889 390 1061 426 tantum
1081 385 1223 426 deficit
1243 385 1342 427 orbe

411 478 509 504 cum
529 462 749 503 Phoebum
770 460 957 501 aduersis
976 465 1215 501 currentem
1234 474 1319 501 non
1340 460 1457 501 uidet
1477 460 1613 502 astris.

412 552 487 578 nec
507 542 653 578 tamen
673 534 839 590 aequali
859 535 1137 589 languescunt
1157 539 1347 589 tempore
1365 540 1532 584 cuncta,

412 612 486 653 sed
506 611 632 652 modo
652 611 696 651 in
716 610 895 651 affectus
914 614 1032 650 totus
1051 609 1299 664 producitur
1318 623 1467 657 annus,

287 695 354 725 855
411 701 522 727 nunc
543 685 712 727 breuius
732 684 890 725 lassata
910 688 1098 733 manent,
1120 697 1231 724 nunc
1252 684 1414 738 longius
1434 689 1549 724 astra

412 760 708 814 exceduntque
728 773 804 800 suo
825 758 1036 799 Phoebeia
1056 763 1249 812 tempora
1268 773 1369 799 casu

411 840 554 890 atque,
576 834 649 876 ubi
668 833 905 889 perfectum
925 838 990 874 est
1009 833 1197 887 spatium
1217 833 1331 887 quod
1351 833 1502 888 cuique
1522 832 1688 874 dicatur

411 910 711 965 inpletumque
731 922 827 949 suos
847 912 963 949 certa
983 907 1168 948 statione
1187 907 1351 948 labores

412 985 512 1026 bina
531 999 605 1039 per
624 983 851 1024 aduersum
870 982 1035 1023 caelum
1054 982 1259 1036 fulgentia
1280 982 1411 1036 signa,

285 1067 353 1099 860
409 1064 504 1101 tum
522 1058 663 1100 uicina
681 1057 831 1099 labant
849 1056 950 1112 ipsis
970 1056 1188 1098 haerentia
1209 1071 1320 1106 casu,

410 1148 519 1189 quae
537 1133 653 1188 prius
673 1133 717 1173 in
735 1137 869 1173 terras
889 1131 1068 1172 ueniunt
1087 1136 1304 1185 terrasque
1324 1130 1550 1186 relinqunt,

414 1209 574 1250 sidereo
594 1222 680 1249 non
699 1211 749 1248 ut
768 1211 929 1262 pugnet
948 1206 1185 1247 contrarius
1205 1205 1296 1247 orbi

245 1348 305 1388 qui
330 1347 470 1385 tollunt,
497 1347 672 1379 Breiterus
697 1346 811 1378 Fleck.
838 1346 952 1378 annal.
980 1346 1046 1377 uol.
1078 1348 1138 1378 139
1163 1358 1195 1388 p.
1223 1347 1287 1377 856
1311 1349 1348 1377 et
1372 1346 1572 1387 Postgatius
1596 1345 1671 1377 silu.
1697 1345 1790 1376 Man.

244 1410 277 1441 p.
295 1400 350 1437 43,
366 1410 485 1431 eorum
501 1400 616 1430 neutri
632 1399 780 1439 contigit
796 1402 836 1429 ut
852 1401 914 1429 aut
929 1398 1014 1439 quid
1030 1401 1209 1439 praeterea
1225 1398 1416 1429 tollendum
1433 1401 1523 1429 esset
1539 1397 1794 1429 demonstraret

246 1455 309 1483 aut
341 1462 382 1482 ea
414 1462 504 1492 quae
537 1451 814 1492 relinquerentur
839 1450 1067 1492 probabiliter
1098 1450 1153 1481 uel
1186 1454 1364 1481 enarraret
1389 1450 1445 1481 uel
1467 1450 1660 1491 corrigeret.
1709 1448 1795 1479 satis

248 1503 335 1534 bene
356 1503 527 1535 haberent
548 1504 620 1544 ipse
641 1503 729 1535 docet
749 1503 870 1534 titulus
891 1504 1058 1542 (eausam,
1082 1512 1171 1543 quae
1197 1513 1229 1533 u.
1254 1503 1315 1533 841
1344 1505 1464 1543 patere
1490 1502 1641 1540 dieitur).
1668 1500 1796 1541 pariter

244 1555 301 1587 sed
327 1558 407 1592 etc„
436 1556 464 1586 si
492 1555 596 1586 modo
624 1555 725 1591 ratio,
755 1565 815 1585 our
842 1554 1073 1595 interpolator
1100 1564 1221 1585 causae
1249 1553 1433 1590 addiderit,
1462 1553 1559 1584 reddi
1587 1554 1706 1594 posset

289 1606 352 1637 849
377 1607 510 1647 antiqui
546 1615 560 1638 1
585 1607 650 1637 446
674 1616 758 1646 quae
784 1606 877 1637 notia
901 1606 1034 1646 antiqui
1059 1605 1215 1637 diverunt
1240 1606 1350 1637 sidera
1375 1608 1479 1641 uates,
1505 1603 1659 1636 Maneth.
1687 1611 1725 1634 Ἦ
1751 1603 1792 1634 37

246 1659 379 1697 δαίμονα
410 1661 462 1690 τόν
494 1671 529 1689 τε
562 1660 657 1689 κακὸν
693 1660 837 1698 πρότεροι
868 1660 977 1696 φῶτεσ
1009 1659 1189 1688 καλέσαντο
1324 1656 1385 1687 851
1417 1660 1502 1688 luna
1533 1665 1595 1687 suo
1626 1659 1703 1687 tum
1733 1655 1792 1693 M2,

243 1713 329 1742 luna
345 1720 408 1742 suo
424 1714 508 1742 tune
525 1710 600 1748 GL2,
619 1713 722 1741 lunas
739 1714 863 1741 uotum
879 1712 922 1747 M,
943 1713 1029 1740 luna
1051 1713 1175 1740 uotum
1193 1712 1216 1739 L
1305 1712 1387 1740 orbe
1411 1708 1518 1746 GL2M‚
1544 1710 1582 1738 in
1605 1711 1705 1739 orbes
1728 1710 1751 1737 L

334 1761 418 1793 luna
442 1772 570 1793 nouum
596 1764 727 1792 tantum
751 1760 868 1802 defecit
891 1761 930 1792 in
954 1760 1063 1791 orbem
1090 1760 1163 1791 cod.
1194 1760 1346 1791 Venetus
1438 1760 1500 1790 852
1525 1769 1605 1790 cum
1632 1757 1795 1789 Phoebus

244 1813 398 1845 aduersis
418 1814 521 1845 astris
540 1814 658 1849 currit,
680 1813 779 1844 Luna
799 1816 917 1844 autem
937 1823 1017 1843 eum
1037 1822 1106 1843 non
1127 1812 1224 1843 uidet
1314 1812 1376 1842 853
1393 1816 1552 1849 tempore
1570 1814 1615 1846 M,
1633 1814 1796 1848 tempora

243 1868 293 1897 GL
382 1865 446 1896 856
462 1869 634 1897 excedunt
650 1868 710 1902 GL,
729 1868 896 1896 secedunt
911 1868 944 1895 M
1028 1866 1199 1901 phoebeia
1221 1862 1320 1894 codd.
1342 1862 1431 1894 Flor.
1460 1865 1496 1893 et
1523 1861 1635 1898 Bodl„
1660 1865 1796 1900 phebea

245 1919 337 1948 ΘΒΜ.
389 1916 554 1948 Phoebeia
573 1920 731 1956 tempora,
753 1926 896 1952 annum,
912 1925 954 1946 ΙΙΙ
974 1916 1037 1947 609
1055 1915 1214 1946 uertentis
1232 1918 1378 1955 tempora
1398 1914 1479 1946 solis
1569 1923 1661 1944 casu.
1709 1912 1793 1944 Isid.

243 1971 315 2000 nat.
342 1978 404 1999 rer.
432 1969 471 1999 21
499 1969 582 1999 luna
605 1978 673 1998 non
697 1967 806 2008 deficit
829 1967 885 1998 ¹sed
910 1966 1136 2003 obumbratur,
1161 1976 1218 1997 nec
1242 1966 1503 1997 deminutionem
1526 1965 1624 1996 sentit
1647 1964 1796 2005 corporis

242 2020 299 2052 sed
331 2019 456 2051 obiectu
490 2019 717 2051 obumbrantis
749 2022 852 2049 terrae
885 2028 1016 2049 casum
1048 2018 1181 2058 patitur
1214 2017 1356 2049 luminis
1447 2016 1509 2047 858
1532 2019 1795 2054 impletumque

243 2081 325 2103 suos
342 2075 375 2108 G,
397 2074 643 2109 inplerumque
667 2080 729 2102 suo
747 2073 804 2101 LM
896 2070 959 2100 860
981 2070 1070 2110 ipsi-9
1091 2080 1154 2110 pro
1175 2069 1247 2100 illis
1266 2069 1432 2110 positum,
1456 2078 1560 2108 quem
1580 2067 1795 2108 pronominis

244 2133 345 2154 usum
366 2122 518 2164 uulgaris
538 2122 705 2153 sermonis
725 2122 905 2163 proprium
927 2121 963 2151 in
984 2121 1107 2152 Tibull.
1130 2129 1143 2152 1
1164 2121 1183 2151 2
1204 2121 1246 2151 58
1267 2123 1302 2151 et
1321 2129 1350 2151 11
1369 2121 1390 2150 4
1410 2120 1452 2151 36
1471 2129 1542 2150 non
1561 2118 1689 2156 ferunt,
1710 2117 1795 2149 mihi

241 2178 442 2216 suspectum
459 2184 531 2205 esse
548 2174 620 2205 dixi
639 2173 684 2204 ad
703 2182 731 2205 Π
749 2174 814 2205 330
905 2182 989 2204 casu
1002 2173 1030 2208 *,
1050 2175 1161 2210 signis
1180 2172 1270 2209 libri,
1290 2182 1370 2203 cum
1389 2170 1502 2202 scriba
1520 2170 1565 2201 ad
1584 2170 1794 2211 superiorem

244 2237 383 2258 uersum
401 2229 544 2268 propter
562 2225 692 2267 duplex
712 2225 817 2256 —entia
835 2225 1041 2261 aberrasset,
1061 2223 1361 2265 quemadmodum
1378 2224 1415 2254 in
1433 2222 1507 2254 cod.
1529 2222 1665 2254 Cusano
1684 2231 1713 2253 Π
1731 2222 1795 2253 603

243 2278 413 2319 scriptum
434 2280 488 2309 est
508 2277 678 2309 discordia
698 2277 815 2307 uincat
837 2277 913 2317 (pro
936 2276 1057 2316 siquis)
1079 2276 1162 2316 quia
1183 2275 1371 2316 praecessit
1392 2274 1494 2306 noxia
1515 2273 1632 2304 uincit.
1681 2273 1796 2305 minus

244 2329 388 2361 moleste
415 2329 574 2360 abundat
600 2328 694 2369 quod
721 2327 871 2369 Scaliger
897 2327 950 2358 ed.
982 2329 996 2358 l
1024 2330 1060 2358 et
1087 2326 1265 2358 Bentleius
1291 2325 1549 2357 substituerunt
1574 2325 1696 2364 είῃηας
1735 2323 1796 2355 sed

245 2383 364 2422 aperte
379 2380 478 2411 deest
492 2383 528 2411 et
542 2380 734 2411 necessario
750 2378 998 2410 inueniendum
1014 2381 1077 2415 est,
1095 2388 1163 2419 quo
1179 2377 1374 2409 referantur
1388 2376 1446 2407 illa
1458 2379 1583 2417 pugynet
1597 2375 1795 2419 contrarius,

247 2434 389 2474 ἔκλειψιν
407 2431 604 2472 significans
624 2441 762 2462 nomen.
812 2431 840 2461 is
857 2440 955 2461 casus
972 2429 1169 2471 appellatur
1185 2440 1217 2460 u.
1239 2430 1313 2465 856,
1332 2429 1387 2459 eui
1401 2428 1478 2459 uoci
1491 2426 1795 2458 accommodatum

244 2487 298 2515 est-
317 2483 460 2515 labandi
480 2483 638 2514 uerbum.
688 2485 842 2513 ceterum
863 2492 941 2512 oum
962 2482 1080 2512 uicina
1099 2484 1134 2512 et
1154 2481 1333 2518 haerentia,
1355 2479 1397 2510 de
1417 2489 1486 2520 quo
1506 2478 1584 2510 uide
1605 2477 1650 2509 ad
1669 2487 1712 2509 ΙΠ
1731 2478 1796 2509 466

246 2537 283 2567 et
295 2543 333 2567 IV
347 2535 422 2571 603,
437 2534 529 2565 idem
542 2534 650 2565 ferme
664 2533 854 2569 declarent,
869 2532 963 2564 haud
977 2533 1047 2563 scio
1068 2543 1111 2563 an
1131 2532 1244 2563 uerius
1262 2532 1306 2562 sit
1320 2531 1413 2572 quod
1428 2541 1518 2561 anno
1534 2530 1618 2561 1903
1631 2529 1795 2570 proposui

245 2589 317 2618 tum
341 2586 426 2617 uice
459 2585 552 2617 bina
577 2585 717 2617 labant.
738 2609 745 2616 .
766 2608 773 2615 .
791 2594 918 2620 casus,
946 2583 1011 2615 hoc
1038 2587 1091 2615 est
1116 2584 1242 2614 alterno
1268 2583 1368 2623 lapsu
1395 2583 1513 2622 (quem
1542 2582 1578 2612 in
1607 2580 1677 2612 sole
1703 2590 1795 2611 com-

244 2639 416 2669 memorat
441 2636 596 2668 Auienus
622 2636 719 2667 Arat.
750 2636 849 2674 1355)
876 2638 1053 2676 ἐκλείψεωσ
1077 2635 1113 2666 in
1140 2634 1208 2666 alia
1234 2635 1332 2675 signa
1361 2633 1577 2664 succedentis
1668 2632 1730 2662 861
1754 2634 1794 2663 τὰ

246 2692 481 2730 προηγούμενα,
496 2698 586 2730 quae
594 2688 748 2728 praelata
761 2687 860 2727 siyna
873 2687 959 2718 dicit
974 2696 1016 2718 111
1031 2688 1091 2718 601
1107 2699 1115 2723 ;
1142 2686 1250 2723 uelut,
1265 2687 1293 2716 si
1312 2685 1411 2716 Luna
1430 2686 1465 2716 in
1483 2684 1600 2715 Ariete
1617 2683 1794 2720 defecerit,

244 2744 325 2782 post
355 2740 508 2771 Arietem
539 2740 640 2780 eique
672 2739 855 2770 aduersam
888 2738 1028 2770 Libram
1051 2748 1121 2769 non
1143 2740 1183 2769 τὰ
1213 2739 1364 2775 ἑπόμενα,
1392 2737 1527 2767 Taurus
1557 2738 1592 2765 et
1620 2734 1791 2775 Scorpius,

243 2802 365 2823 uerum
390 2792 504 2823 Pisces
527 2794 564 2822 et
588 2791 692 2832 Virgo
716 2790 925 2821 adficientur
1016 2790 1078 2820 862
1104 2790 1167 2820 863
1191 2789 1275 2830 quid
1299 2788 1352 2819 his
1376 2787 1531 2819 uersibus
1557 2787 1695 2817 dicatur
1718 2788 1792 2817 tam

242 2846 296 2874 est
318 2843 539 2885 perspicuum
564 2845 604 2874 ut
627 2842 663 2874 id
687 2851 807 2874 omnes
830 2841 993 2873 fefellisse
1018 2842 1130 2873 mirer.
1179 2851 1261 2872 nam
1286 2843 1474 2881 postquam
1497 2838 1617 2870 docuit
1638 2837 1791 2879 impletis
