1872 3183
223 124 303 163 112
813 122 875 165 M.
909 122 1163 164 MANILII

381 239 424 276 et
442 234 624 277 fecunda
643 234 728 276 suis
747 234 986 276 subsistunt
1004 235 1196 290 frugibus
1216 249 1319 277 arua

258 316 325 347 825
380 309 688 364 continuosque
707 314 865 364 negant
883 314 1032 365 partus
1052 309 1179 351 effeta
1198 309 1393 360 creando,

379 397 522 425 rursus
542 398 650 438 quae
669 383 839 425 fuerant
858 383 1019 425 steriles
1038 383 1094 425 ad
1113 384 1273 425 semina
1292 389 1431 426 terrae

380 462 479 512 post
497 471 610 499 noua
629 457 845 499 sufficiunt
863 457 979 500 nullo
999 458 1231 499 mandante
1250 458 1426 500 tributa.

380 531 622 574 concutitur
642 531 765 574 tellus
784 531 937 573 ualidis
956 532 1216 588 conpagibus
1235 532 1410 574 haerens

381 605 664 661 subducitque
684 606 820 648 solum
839 606 1018 662 pedibus
1038 621 1047 656 3
1083 611 1208 648 natat
1228 607 1339 648 orbis
1358 607 1403 648 in
1421 607 1513 663 ipso

258 686 325 719 830
381 685 425 722 et
444 680 581 722 uomit
602 681 793 723 Oceanus
813 686 994 736 pontum
1014 680 1244 736 sitiensque
1263 681 1451 723 resorbet

380 768 456 796 nec
476 769 564 796 sese
583 754 672 810 ipse
691 755 820 810 capit.
879 755 937 797 sic
958 755 1175 811 quondam
1194 760 1396 797 merserat
1415 755 1553 806 urbes,

381 829 557 871 humani
576 829 736 885 generis
756 843 853 871 cum
873 829 985 871 solus
1004 829 1199 872 constitit
1217 829 1336 871 heres

381 903 614 945 Deucalion
633 903 890 959 scopuloque
911 904 1055 946 orbem
1074 903 1263 959 possedit
1281 904 1325 945 in
1344 918 1443 946 uno.

380 992 456 1020 nec
476 992 575 1028 non,
596 993 693 1020 cum
713 978 873 1034 patrias
893 978 1117 1020 Phaethon
1136 978 1369 1034 temptauit
1387 978 1588 1029 habenas,

257 1059 324 1091 835
381 1057 575 1094 arserunt
594 1057 740 1108 gentes
759 1053 989 1108 timuitque
1008 1053 1202 1095 incendia
1221 1052 1385 1095 caelum

380 1126 664 1182 fugeruntque
684 1141 817 1169 nouas
838 1127 1031 1169 ardentia
1050 1128 1187 1169 sidera
1206 1127 1400 1169 flammas

216 1292 263 1323 sic
279 1292 403 1333 pergit,
424 1291 431 1304 ‘
445 1292 506 1324 diu
522 1302 584 1333 pro
601 1291 668 1330 die,
686 1294 726 1323 ut
742 1295 839 1323 nocta
856 1302 918 1333 pro
935 1294 1047 1323 nocte.
1095 1291 1245 1323 Titinius
1261 1294 1297 1323 et
1313 1290 1460 1323 Plautus
1476 1293 1574 1322 noctu
1590 1289 1712 1330 diuque
1727 1288 1735 1301 ’
1753 1300 1762 1326 ;

215 1343 264 1375 illi
285 1354 367 1375 uero
387 1343 481 1381 locis,
504 1353 591 1384 quos
612 1343 763 1385 respicit,
785 1353 805 1374 a
825 1343 940 1374 Nonio
960 1353 994 1384 p.
1018 1343 1060 1374 98
1081 1342 1208 1374 adlatis
1228 1342 1289 1374 diu
1309 1344 1500 1384 posuerunt
1519 1351 1583 1383 pro
1603 1340 1762 1377 interdiu,

216 1405 286 1427 non
321 1398 361 1428 ut
395 1395 665 1427 diuturnitatem
700 1395 867 1436 temporis
902 1393 1145 1436 significarent.
1195 1393 1279 1434 quid
1314 1393 1356 1425 de
1391 1393 1488 1434 Fayo
1523 1392 1761 1434 Pingraeoque

215 1447 341 1485 dicam,
357 1456 504 1488 quorum
519 1456 598 1478 cum
613 1446 701 1478 alter
713 1446 774 1479 diu
788 1445 876 1477 alter
889 1446 943 1478 die
956 1445 1114 1483 ediderit,
1129 1448 1249 1477 tamen
1262 1445 1406 1476 diuersis
1421 1443 1599 1476 uocabulis
1613 1442 1763 1475 eundem

215 1509 354 1531 sensum
375 1498 551 1530 subiciunt
571 1500 607 1529 et
627 1508 707 1529 eum
728 1497 869 1538 quidem
890 1507 994 1538 quem
1022 1500 1185 1529 neutrum
1212 1497 1367 1538 recipiat,
1391 1495 1450 1527 ‘in
1473 1495 1545 1527 dies
1559 1495 1581 1533 ’,
1606 1495 1614 1509 ⁶
1628 1494 1764 1536 chaque

214 1550 315 1592 jour’
335 1553 349 1582 ?
388 1560 491 1591 quem
517 1552 635 1581 autem
661 1549 800 1581 Ellisius
824 1552 916 1581 noct.
944 1548 1036 1580 Man.
1063 1559 1096 1590 p.
1127 1549 1188 1580 153
1213 1548 1417 1580 Maximiani
1441 1547 1556 1579 locum
1581 1555 1594 1578 1
1619 1547 1681 1578 271
1709 1556 1760 1587 sq.

217 1602 391 1645 apposuit,
427 1611 506 1633 eum
541 1601 696 1643 plerique
731 1600 852 1632 eodem
889 1600 1015 1632 mendo
1051 1600 1283 1642 deprauatum
1318 1609 1391 1631 esse
1425 1599 1630 1631 existimant

261 1654 324 1686 824
346 1654 420 1685 suis
442 1652 628 1684 subsistunt
644 1652 805 1695 fruyibus
826 1663 912 1683 arua
935 1652 1065 1684 locutio
1089 1652 1220 1683 Huetio
1243 1654 1279 1682 et
1303 1650 1460 1683 Bentleio
1483 1652 1645 1691 suspecta
1667 1649 1763 1681 haud

217 1706 286 1737 seio
307 1715 352 1737 an
373 1704 511 1736 defendi
532 1705 643 1746 possit
662 1707 866 1745 comparato
887 1705 948 1735 851
971 1703 1073 1735 Luna
1092 1713 1153 1734 suo
1169 1727 1177 1735 .
1197 1727 1204 1734 .
1224 1727 1231 1734 .
1251 1702 1359 1743 deficit
1378 1701 1474 1740 orbe3
1507 1711 1590 1733 nam
1610 1704 1651 1732 ut
1672 1700 1765 1732 orbis

216 1759 269 1788 est
294 1757 354 1798 qui
379 1755 496 1788 deficit
521 1756 573 1786 ita
597 1765 686 1796 quae
712 1754 908 1787 subsistunt
932 1754 1047 1796 fruges
1072 1757 1166 1792 sunt,
1192 1754 1367 1786 subsistere
1391 1755 1510 1785 autem
1534 1752 1637 1784 simili
1662 1761 1766 1784 sensu

217 1808 370 1850 positum
392 1810 445 1839 est
468 1806 569 1839 Ouid.
593 1806 663 1838 her.
685 1815 735 1837 XV
759 1807 821 1838 195
844 1816 893 1846 sq.
918 1806 1009 1838 dolor
1030 1805 1158 1838 artibus
1179 1805 1282 1837 obstat
1304 1803 1308 1848 Ι
1328 1804 1564 1845 inqeniumque
1585 1803 1668 1835 meis
1689 1803 1765 1834 sub·

217 1859 301 1891 stitit
333 1868 429 1890 omne
463 1858 572 1889 malis.
621 1867 743 1889 uerum
778 1860 897 1888 tamen
931 1867 1015 1888 arua
1048 1856 1206 1897 frugibus
1240 1856 1466 1888 subsistentia
1499 1855 1614 1896 quiuis
1647 1854 1766 1897 potius

218 1910 457 1943 intellecturus
489 1909 558 1941 fuit
589 1908 747 1951 frugibus
779 1907 929 1940 ferendis
961 1908 1070 1950 paria,
1103 1908 1265 1949 facilique
1298 1911 1334 1939 et
1365 1906 1537 1949 probabili
1569 1906 1766 1938 mutatione

220 1962 397 1995 Bentleius
426 1961 645 1998 absistunt3
675 1961 790 1992 minus
823 1960 1004 1992 commode
1037 1960 1188 1992 Huetius
1213 1969 1271 1991 nec
1289 1959 1439 2000 fecunda
1455 1982 1462 1990 .
1482 1982 1490 1990 .
1510 1982 1517 1990 .
1536 1957 1722 1990 subsistunt

307 2014 369 2045 826
395 2023 519 2045 rursus
546 2022 638 2051 quae
669 2012 744 2052 GL2,
777 2022 970 2051 rursusque
1000 2016 1057 2044 LM
1148 2012 1210 2043 827
1240 2011 1430 2048 mandante,
1459 2011 1666 2052 imperante,
1695 2019 1767 2041 non

218 2069 258 2098 ut
285 2075 329 2098 111
358 2066 423 2098 664
451 2064 613 2097 mandant
641 2067 669 2096 et
700 2064 804 2096 sulcis
831 2064 981 2096 Cererem
1070 2063 1133 2094 828
1163 2067 1312 2095 haerens
1338 2063 1412 2102 GL2,
1444 2066 1546 2095 heres
1575 2065 1633 2093 LM

264 2117 326 2148 829
351 2119 445 2148 natat
469 2116 558 2148 orbis
583 2116 621 2147 in
647 2116 734 2156 ipso,
761 2118 854 2147 terra
878 2116 976 2147 siccis
1002 2114 1116 2146 adhuc
1141 2115 1194 2146 sui
1219 2114 1379 2156 partibus
1404 2117 1440 2146 et
1465 2124 1486 2145 a
1511 2113 1599 2145 mari
1623 2112 1766 2144 remotis

218 2168 419 2201 inundatur.
468 2168 553 2199 haec
580 2167 625 2199 ad
651 2167 871 2208 insequentia
897 2167 1099 2208 pertinent:
1140 2169 1251 2198 terrae
1278 2169 1414 2198 motum
1442 2175 1481 2196 ac
1507 2164 1767 2197 uacillationem

218 2220 410 2262 significare
426 2230 497 2251 non
514 2222 661 2261 possunt
751 2219 814 2249 830
830 2222 942 2251 uomit
959 2218 1118 2259 Scaliger,
1135 2221 1234 2250 uenit
1252 2217 1340 2249 libri.
1388 2216 1431 2249 de
1454 2216 1592 2249 Oceano
1617 2217 1767 2257 pontum

219 2275 382 2304 uomente
412 2270 492 2302 uide
522 2271 566 2302 ad
596 2271 661 2302 644
690 2269 862 2301 adnotata
950 2273 1110 2302 resorbet
1139 2268 1298 2310 Scaliger,
1328 2270 1478 2301 resoluit
1493 2267 1581 2299 libri.
1629 2266 1769 2298 resoluet

219 2334 282 2365 pro
320 2322 457 2354 resorbet
493 2322 570 2354 libri
608 2322 807 2354 Lucretiani
839 2330 878 2353 vl
920 2322 995 2359 695,
1024 2331 1095 2353 non
1135 2321 1221 2352 nulli
1254 2320 1369 2353 Germ.
1399 2319 1525 2361 phaen.
1555 2319 1621 2351 409
1661 2317 1767 2349 soluat

218 2386 281 2417 pro
315 2374 431 2412 sorbet,
468 2372 545 2406 Sen.
583 2383 673 2405 suas.
713 2381 751 2405 VI
786 2374 806 2404 5
842 2372 1012 2404 absoluere
1043 2383 1107 2414 pro
1142 2371 1319 2403 absorbere.
1382 2374 1571 2411 utramque
1601 2369 1766 2412 Scaligeri

219 2426 500 2459 emendationem
532 2424 718 2456 confirmat
745 2424 848 2456 Ouid.
875 2424 946 2456 her.
977 2433 1033 2455 ΧΠ
1063 2425 1126 2455 125
1156 2433 1303 2465 quaeque
1329 2423 1454 2455 uomit
1483 2422 1617 2454 totidem
1639 2421 1767 2463 fluctus

219 2478 415 2519 totidemque
447 2476 618 2509 resorbet
651 2475 876 2518 (Charybdis)
968 2476 1033 2508 hoc
1063 2485 1164 2507 uersu
1193 2485 1264 2507 non
1299 2478 1415 2506 aestus
1444 2473 1611 2506 maritimi
1640 2472 1766 2515 signifi-

220 2533 356 2567 cantur,
390 2529 450 2569 qui
480 2528 607 2560 cotidie
642 2527 742 2565 fiunt,
779 2527 839 2559 sed
872 2537 978 2568 quam
1013 2527 1099 2558 dicit
1132 2526 1303 2558 Pindarus
1337 2525 1463 2557 Paean.
1498 2534 1537 2557 IX
1574 2525 1614 2557 16
1649 2525 1768 2556 πόντου

222 2583 369 2613 κενέωσιν
385 2582 427 2618 ἃμ
440 2581 548 2617 πέδον,
562 2578 688 2611 fluctus
703 2582 815 2610 terrae
830 2582 929 2610 motu
944 2579 1117 2610 excitatus
1208 2577 1268 2608 831
1285 2587 1362 2609 sese
1378 2577 1450 2616 (ΞΠ,
1467 2586 1503 2609 se
1515 2580 1573 2609 LM
1662 2579 1768 2608 urbes

222 2632 268 2671 L2,
296 2636 382 2664 urbe
405 2635 474 2669 LM,
501 2634 619 2663 orbem
643 2634 668 2662 G
691 2630 766 2662 cod.
793 2630 958 2667 Venetus,
983 2629 1079 2671 quod
1103 2629 1149 2660 ob
1172 2638 1293 2661 uersus
1317 2629 1381 2660 829
1404 2631 1440 2660 et
1464 2629 1528 2661 833
1552 2628 1666 2659 minus
1688 2637 1767 2669 pro-

224 2684 378 2715 bandum
393 2682 532 2714 uidetur
622 2682 684 2712 833
698 2681 833 2722 scopulo
847 2682 885 2713 in
899 2691 979 2719 uno,
994 2691 1064 2713 uno
1082 2680 1223 2722 scopulo
1239 2679 1447 2722 possidendo
1464 2679 1583 2712 orbem
1600 2677 1765 2720 possedit,

222 2736 321 2767 cuius
343 2734 439 2766 nulla
460 2736 640 2775 praeterea
661 2743 742 2774 pars
764 2736 953 2774 supererat.
1002 2732 1077 2764 Liu.
1100 2740 1191 2764 XXVI
1213 2733 1255 2764 43
1279 2733 1298 2764 3
1322 2732 1359 2763 in
1381 2741 1452 2763 una
1473 2730 1552 2762 urbe
1572 2729 1769 2762 uniuersam

224 2786 376 2827 ceperitis
406 2785 628 2826 Hispaniam,
660 2784 751 2815 Petr.
788 2785 850 2816 119
881 2785 924 2815 48
956 2794 1006 2825 sq.
1039 2784 1078 2815 in
1108 2793 1176 2814 uno
1206 2783 1297 2814 uicta
1323 2786 1468 2824 potesta-s
1489 2781 1494 2825 Ι
1516 2782 1770 2821 Romanumque

222 2839 320 2870 decus
415 2837 477 2868 836
493 2836 644 2868 ardentia
659 2846 720 2867 suo
736 2839 771 2867 et
786 2839 952 2867 consueto
968 2836 1045 2877 igne
1061 2835 1171 2867 sidera
1185 2844 1293 2867 nouas
1309 2834 1505 2876 alienasque
1520 2833 1600 2865 solis
1608 2833 1770 2876 flammas
