1872 3183
186 128 210 165 8
777 124 839 167 M.
873 124 1126 168 MANILII

345 249 451 290 eque
470 235 754 296 crepidinibus
772 236 886 292 cepit
905 236 1171 293 Carthaginis
1191 238 1352 288 urbem,

344 309 436 359 hoc,
457 310 537 351 m'si
556 310 648 351 fata
668 310 832 360 darent,
853 325 1089 366 numquam
1111 311 1282 354 fortuna
1302 311 1481 355 tulisset.

242 391 286 422 50
344 383 438 439 quis
457 389 500 426 te
520 384 682 426 Niliaco
701 385 939 440 periturum
960 385 1094 436 litore,
1116 386 1280 442 Magne,

341 463 440 513 post
459 458 596 500 uictas
616 458 877 501 Mithridatis
897 474 997 515 opes
1016 460 1274 516 pelagusque
1292 466 1509 517 receptum

343 537 386 574 et
405 533 482 574 tris
501 547 670 574 emenso
690 533 863 575 meritos
883 549 936 575 ex
955 535 1056 576 orbe
1074 535 1326 591 triumphos,

340 621 438 649 cum
458 608 543 649 iam
563 607 694 649 etiam
712 613 885 663 possent
905 608 1035 650 alium
1054 624 1305 665 componere
1324 610 1525 666 Magnum

178 780 341 822 Carthaqo
368 781 578 813 iacentem!
606 780 611 824 Ι
638 782 734 813 tertia
762 791 835 822 par
863 781 934 814 illis
958 782 1055 814 nulla
1078 783 1196 814 ruina
1213 782 1295 824 fuit,
1322 783 1413 815 Plut.
1441 783 1502 815 uit.
1527 782 1612 815 Mar.
1639 784 1682 815 40
1701 785 1721 816 7

175 834 368 873 ἀπεκρίνατο
390 834 475 872 μέγα
499 835 671 872 στενάξασ·
710 835 856 873 ἄγγελλε
880 836 984 865 τοίνυν
1008 836 1056 866 ὅτι
1080 836 1174 866 Γάιον
1201 836 1324 875 Μάριον
1349 837 1381 866 ἐν
1412 837 1484 866 τοῖσ
1510 837 1725 876 Καρχηδόνοσ

175 885 327 924 ἐρειπίοισ·
345 887 475 925 φυγάδα
493 887 702 924 καθεζόμενον
723 887 821 917 εῖδεσ·
857 888 892 917 οὐ
912 888 1020 918 κακῶο·
1039 887 1104 924 ἅμα
1123 888 1181 925 τήν
1201 898 1236 917 τε
1257 888 1319 925 τῆσ
1335 888 1465 918 πόλεωο·
1480 888 1605 925 ἐκείνησ
1621 889 1723 927 τύχην

175 938 228 967 καὶ
252 938 308 975 τὴν
333 938 446 968 ἑαυτοῦ
469 939 653 979 μεταβολὴν
682 939 713 969 ἐν
743 939 1009 978 παραδείγματοσ
1036 939 1123 978 λόγῳ
1153 939 1288 976 θέμενοσ
1379 938 1545 970 Barbhius
1573 937 1653 970 adu.
1687 949 1722 980 p.

175 987 239 1019 927
262 987 478 1020 ‘notandum
495 991 549 1020 est
572 989 737 1020 iacturam
762 999 783 1020 a
802 989 947 1020 iacendo
972 989 1037 1021 hoc
1063 989 1138 1021 loco
1162 989 1455 1031 aequipollentem
1471 1000 1544 1022 esse
1562 990 1718 1022 ruinae’:

174 1038 255 1070 uide
273 1038 374 1071 Ouid.
394 1040 484 1071 trist.
504 1048 548 1071 111
567 1041 607 1072 10
628 1041 666 1072 13
684 1050 734 1081 sq.
755 1040 815 1071 nix
832 1041 929 1071 iacet
947 1043 985 1078 et,
1004 1041 1145 1072 iactam
1162 1050 1203 1072 ne
1220 1041 1269 1072 sol
1290 1040 1495 1082 pluuiaeque
1511 1041 1689 1079 resoluant,
1713 1040 1719 1084 Ι

177 1090 318 1122 indurat
334 1091 466 1123 Boreas.
515 1092 551 1122 in
565 1091 661 1123 anth.
678 1091 755 1124 Lat.
772 1091 863 1123 Ries.
879 1092 945 1123 404
959 1091 1097 1133 (Baehr.
1114 1091 1242 1123 P.L.M.
1261 1101 1299 1123 1v
1314 1102 1346 1134 p.
1363 1093 1432 1132 59),
1446 1092 1507 1124 ubi
1525 1091 1718 1124 tollendum

174 1144 230 1179 est,
256 1145 436 1184 praeterea
460 1142 546 1174 m’hil
571 1142 793 1180 mutandum,
812 1143 997 1184 Pompeius
1023 1143 1151 1175 dicitur
1175 1143 1325 1175 maxima
1348 1142 1464 1175 ciuilis
1489 1143 1566 1175 belli
1590 1144 1721 1176 iactura

172 1192 233 1224 sub
250 1193 336 1233 ipso,
354 1193 418 1225 hoc
435 1196 489 1225 est
505 1195 606 1225 ruina
622 1194 863 1235 magnitudine
880 1194 1039 1236 proxima
1055 1195 1121 1236 ipsi
1139 1194 1228 1226 bello
1245 1194 1338 1226 ciuili
1355 1205 1474 1226 omnes
1491 1196 1607 1226 ruinas
1624 1205 1716 1227 com-

172 1244 275 1286 plexo
365 1245 407 1275 48
424 1254 512 1284 eque
531 1245 690 1287 Scaliger,
709 1255 815 1283 seque
828 1245 907 1277 libri
997 1245 1237 1287 crepidinibus,
1256 1246 1491 1278 aedificiorum
1502 1247 1722 1288 suggestibus

173 1306 258 1327 saxo
277 1297 430 1334 structis,
445 1297 505 1338 qui
523 1298 631 1328 etiam
644 1298 680 1328 in
698 1297 816 1328 diruta
835 1298 918 1328 urbe
931 1301 1118 1338 supersunt
1133 1310 1140 1329 :
1174 1297 1278 1329 Firm.
1299 1306 1312 1328 1
1330 1298 1349 1329 7
1369 1298 1410 1330 37
1430 1298 1526 1330 uides
1543 1301 1580 1329 ut
1591 1298 1636 1329 ad
1652 1307 1718 1330 cre-

169 1347 325 1387 pidinem
336 1348 466 1379 dirutae
480 1348 703 1388 Karthaqinis
710 1348 883 1389 fuyitiuus
896 1349 1027 1380 accedat
1040 1352 1069 1386 ἲ,
1089 1349 1170 1380 Luc.
1186 1358 1255 1380 VIII
1266 1349 1330 1381 269
1344 1359 1394 1390 sq.
1411 1348 1554 1390 Libycae
1564 1348 1606 1380 M
1608 1349 1722 1381 arium

170 1401 306 1439 potuere
330 1399 451 1431 ruinae
472 1397 477 1442 Ι
498 1400 617 1440 eriqere
642 1399 679 1431 in
698 1399 811 1441 fasces
836 1403 864 1431 et
886 1399 999 1440 plenis
1024 1400 1153 1432 reddere
1172 1399 1285 1441 fastis.
1334 1400 1394 1432 sed
1420 1401 1502 1442 quia
1527 1400 1720 1443 crepidines

172 1450 209 1481 in
224 1450 363 1482 urbium
378 1451 443 1482 uiis
458 1453 543 1482 nota
559 1450 797 1482 mendicorum
811 1452 919 1483 statio
933 1451 1013 1489 fuit,
1028 1462 1099 1483 non
1113 1451 1199 1483 nulli
1213 1452 1273 1493 qui
1288 1451 1437 1483 Marium
1451 1452 1487 1483 in
1502 1451 1720 1494 Carthaginis

170 1501 404 1542 crepidinibus
415 1502 559 1533 iacuisse
571 1505 777 1543 acceperant
791 1502 1049 1534 mendicantem
1062 1513 1142 1534 eum
1152 1502 1480 1544 interpretabantur
1493 1515 1500 1535 :
1517 1502 1593 1535 Sen.
1608 1506 1718 1535 contr.

171 1561 185 1583 1
209 1554 224 1584 1
250 1554 269 1585 3
291 1553 368 1594 quis
389 1553 527 1585 crederet
549 1553 708 1585 iacentem
729 1564 836 1594 supra
856 1554 1061 1594 crepidinem
1084 1553 1242 1585 Marium
1263 1557 1322 1585 aut
1337 1553 1449 1595 fuisse
1470 1554 1638 1586 consulem
1660 1558 1719 1586 aut

162 1603 324 1645 futurum
339 1606 364 1637 ?.
390 1606 410 1636 5
440 1605 522 1646 quid
552 1605 692 1646 referam
723 1605 880 1637 Marium
911 1609 998 1637 sexto
1029 1605 1204 1637 consulatu
1236 1606 1435 1646 Carthayini
1464 1605 1717 1643 mendicantem,

171 1656 312 1696 septimo
331 1656 456 1688 Romae
473 1657 692 1697 imperantem
705 1658 731 1693 .?‚
757 1665 810 1688 VII
827 1658 846 1688 2
871 1657 890 1688 6
912 1657 971 1697 qui
993 1657 1031 1688 in
1055 1657 1226 1697 crepidine
1250 1657 1381 1689 uiderat
1403 1657 1560 1689 Marium
1577 1657 1615 1689 in
1637 1657 1719 1689 sella

165 1707 343 1749 fiqurauit,
355 1708 432 1739 qu.
455 1717 479 1739 x
500 1709 564 1740 276
577 1718 627 1749 sq.
642 1708 781 1740 exilium
795 1711 823 1739 et
833 1718 942 1739 carcer
954 1708 1277 1749 Minturnarumque
1288 1708 1431 1749 paludes
1447 1706 1452 1751 Ι
1470 1711 1498 1740 et
1511 1709 1720 1740 mendicatus

171 1759 262 1790 uicta
291 1759 492 1799 Carthaqine
512 1759 628 1800 pani&
647 1760 739 1791 Plut.
765 1760 828 1792 uit.
855 1759 964 1791 Flam.
985 1761 1023 1791 21
1045 1761 1064 1791 7
1092 1761 1216 1800 Μαρίου
1233 1784 1240 1791 .
1260 1784 1267 1791 .
1287 1784 1294 1791 .
1315 1763 1542 1800 πτωχεύοντοσ
1562 1764 1594 1792 ἐν
1612 1762 1718 1801 Λιβύῃ

260 1814 383 1842 urbem
402 1810 562 1852 Scaliger,
581 1815 700 1843 orbem
717 1815 763 1848 M,
782 1820 881 1843 arces
899 1815 948 1843 GL
966 1811 1040 1842 cod.
1062 1811 1216 1843 Venetus
1233 1821 1277 1843 ex
1290 1821 1322 1842 u.
1340 1812 1393 1843 40.
1432 1811 1545 1843 urbem
1555 1811 1720 1850 Romam,

170 1871 253 1892 nam
270 1861 389 1893 orbem
406 1863 536 1903 cepisse
553 1862 683 1894 Marius
700 1863 809 1894 nimia
829 1873 909 1894 cum
934 1863 1170 1904 supralatione
1196 1863 1379 1895 diceretur,
1405 1873 1509 1904 quem
1534 1863 1718 1895 dimidium

171 1912 356 1944 obtinebat
374 1912 478 1945 Sulla.
527 1914 703 1945 Breiterus
721 1914 843 1945 attulit
866 1914 947 1946 Luc.
972 1923 1001 1945 11
1023 1915 1065 1946 99
1087 1924 1137 1955 sq.
1158 1914 1214 1946 ille
1236 1914 1318 1952 dies,
1338 1913 1477 1946 Marius
1498 1924 1562 1955 quo
1584 1915 1718 1946 moenia

171 1964 276 1995 uictor
297 1962 302 2007 Ι
321 1965 484 2005 corripuit
573 1965 615 1996 49
639 1974 832 2002 numquam
857 1969 917 2003 GL,
935 1975 1103 2004 umquam
1136 1969 1182 2003 M,
1207 1965 1301 2007 quod
1334 1966 1583 2007 interrogatiue
1609 1966 1718 2008 accipi

170 2026 271 2057 posse
288 2016 379 2048 uidit
392 2016 429 2048 F.
445 2016 568 2048 Iunius
658 2017 767 2048 50-62
780 2017 847 2049 Cic.
863 2017 906 2049 de
920 2017 989 2048 diu.
1006 2026 1034 2049 11
1048 2018 1090 2048 22
1104 2027 1154 2058 sq.
1247 2017 1289 2047 50
1303 2017 1387 2049 ordo
1401 2020 1454 2050 est
1468 2017 1517 2049 ita
1526 2017 1717 2058 periturum

170 2070 207 2098 ut
232 2077 353 2108 corpus
378 2068 528 2108 sepeliret
553 2067 740 2110 naufraqus
766 2069 856 2109 iynis
946 2069 986 2099 51
1012 2071 1128 2100 uictas
1145 2072 1204 2103 GL,
1228 2072 1343 2101 metas
1364 2073 1398 2100 M
1488 2072 1653 2110 receptum
1674 2079 1718 2101 ex

169 2119 364 2160 piratarum
388 2122 565 2162 potestate
656 2120 748 2152 Cass.
776 2120 878 2152 Dion.
911 2121 954 2152 42
985 2122 1005 2153 5
1036 2124 1068 2152 ἐν
1099 2120 1142 2161 τῇ
1171 2122 1269 2160 ἡμέρᾳ
1301 2122 1334 2151 ἐν
1365 2120 1385 2161 ᾗ
1417 2133 1496 2152 ποτε
1525 2122 1566 2152 τά
1597 2133 1632 2152 τε
1662 2123 1718 2153 τοῦ

171 2171 370 2211 Μιθριδάτου
404 2173 456 2203 καὶ
490 2173 530 2203 τὰ
569 2173 632 2203 τῶν
672 2174 934 2204 καταποντιστῶν
974 2173 1112 2204 ἐπινίκια
1150 2174 1275 2212 ἤγαγεν
1314 2173 1456 2211 ἐσφάγη,
1498 2173 1580 2203 ὥστε
1617 2174 1716 2210 μηδὲν

168 2223 250 2259 μηδὲ
281 2225 313 2254 ἐν
344 2224 445 2262 τούτῳ
476 2223 714 2262 ὁμολογηθῆναι
805 2222 846 2253 52
880 2222 965 2255 Vell.
1000 2232 1029 2254 11
1061 2224 1104 2255 40
1137 2224 1158 2254 4
1191 2222 1294 2254 huius
1318 2223 1390 2254 uiri
1408 2222 1589 2264 fastiqium
1614 2223 1717 2254 tantis
1763 2233 1766 2237 ·

169 2272 322 2304 auctibus
336 2273 478 2314 fortuna
498 2274 623 2312 extulit,
644 2277 681 2305 ut
698 2274 851 2315 primum
871 2284 909 2306 ex
929 2273 1060 2315 Africa,
1082 2274 1202 2306 iterum
1223 2284 1260 2305 ex
1285 2274 1433 2315 Europa,
1455 2274 1548 2306 tertio
1569 2284 1606 2305 ex
1627 2273 1715 2305 Asia

168 2324 389 2366 triumpharet
412 2328 450 2362 et,
473 2328 550 2366 quot
569 2329 682 2366 partes
704 2329 866 2357 terrarum
888 2325 977 2357 orbis
999 2328 1088 2363 sunt,
1112 2325 1245 2357 totidem
1261 2325 1385 2366 faceret
1408 2328 1621 2357 monumenta
1643 2326 1715 2356 uic-

168 2376 272 2407 toriae
302 2386 393 2414 suae,
426 2377 517 2408 Plut.
551 2378 613 2408 uit.
648 2377 769 2418 Pomp.
803 2378 845 2409 45
862 2379 882 2409 5
906 2379 960 2409 τὸν
985 2379 1042 2415 μὲν
1067 2379 1193 2417 πρῶτον
1219 2378 1405 2417 (θρίαμβον)
1430 2380 1465 2408 ἐκ
1488 2379 1627 2417 Λιβύησ,
1659 2379 1714 2409 τὸν

169 2429 203 2458 δὲ
228 2429 370 2468 δεύτερον
395 2430 427 2466 ἐξ
450 2429 621 2469 Εὐρώπησ,
648 2430 760 2460 τοῦτον
785 2430 819 2460 δὲ
841 2430 1024 2460 τελευταῖον
1048 2430 1113 2460 ἀπὸ
1139 2430 1202 2467 τῆο·
1229 2428 1348 2459 Ἀσίασ
1379 2430 1564 2468 εἰσαγαγὼν
1595 2429 1715 2469 τρόπον

167 2480 239 2509 τινὰ
279 2481 336 2518 τὴν
377 2481 561 2518 οἰκουμένην
602 2482 702 2511 ἐδόκει
732 2482 813 2511 Ιτοῖιν
851 2482 954 2521 τρισὶν
995 2481 1139 2519 ὑπῆχθαι
1181 2480 1352 2520 θριάμβοισ·
1465 2489 1594 2511 emenso
1626 2503 1634 2511 .
1666 2503 1674 2511 .
1707 2505 1714 2510 .

169 2529 253 2567 orbe,
275 2530 371 2562 anth.
395 2530 472 2562 Lat.
495 2531 587 2563 Ries.
610 2531 675 2563 402
699 2532 713 2563 1
737 2530 876 2572 <Baehr.
910 2530 1040 2562 P.L.M.
1063 2539 1101 2562 1v
1121 2541 1154 2572 p.
1177 2531 1235 2570 59)
1267 2530 1452 2571 Pompeius
1471 2533 1575 2562 totum
1604 2530 1712 2562 utctor

169 2581 368 2613 lustrauerat
386 2582 494 2614 orbem
584 2582 625 2613 53
642 2586 786 2621 possent
805 2582 895 2614 forte
913 2585 1042 2614 temere
1062 2581 1227 2613 Barthius
1247 2581 1326 2613 adu.
1348 2593 1380 2623 p.
1409 2583 1485 2619 929,
1505 2585 1626 2620 posset
1641 2585 1714 2619 LM,

168 2641 289 2670 posses
300 2634 362 2666 GL²
375 2634 430 2665 uel
441 2634 543 2665 metri
555 2634 723 2666 causauel
733 2635 816 2675 quia
828 2637 1128 2675 praecesseruntte
1145 2658 1152 2665 .
1172 2657 1180 2665 .
1200 2657 1207 2665 .
1227 2633 1269 2664 M
1271 2637 1479 2674 affirmatque
1490 2634 1541 2665 ita
1552 2633 1712 2665 editores.

168 2683 176 2696 ‘
192 2694 271 2715 cum
293 2688 414 2716 tantae
436 2686 614 2727 potentiae
635 2695 725 2717 esses
747 2688 787 2717 ut
818 2686 918 2717 etiam
938 2685 1056 2722 alium,
1079 2685 1285 2725 cuicumque
1316 2685 1434 2716 fauere
1456 2684 1572 2721 uelles,
1595 2695 1717 2726 posses-

167 2745 326 2774 maynuni
351 2736 482 2767 efficere
497 2737 504 2749 ’
534 2736 724 2774 Bentleius,
751 2746 857 2777 quam
883 2736 1093 2768 sententiam
1120 2736 1204 2767 satis
1230 2736 1374 2767 obscure
1399 2735 1530 2767 elatam
1555 2736 1711 2777 ineptam

165 2786 252 2818 facit
279 2786 439 2819 additum
465 2791 501 2819 et
529 2798 549 2819 a
577 2788 732 2820 Bentleio
761 2788 957 2829 neglectum
984 2788 1077 2825 ianm
1117 2788 1234 2829 inepte
1262 2788 1354 2819 enim
1382 2788 1567 2829 Pompeius
1595 2797 1711 2819 mense

168 2837 363 2878 Septembri
382 2840 463 2870 anni
482 2840 524 2870 48
543 2840 612 2870 iam
632 2850 671 2871 eo
690 2839 939 2881 magnitudinis
963 2839 1167 2881 processisse
1185 2838 1313 2871 dicitur
1332 2842 1372 2871 ut
1391 2839 1426 2871 id
1443 2838 1575 2871 efficere
1594 2843 1716 2881 posset
