1872 3183
159 138 214 176 28
748 131 809 173 M.
843 130 1096 172 MANILII

322 243 395 299 qui
414 243 574 299 primus
594 256 790 284 numeros
810 241 947 291 rebus,
968 241 1041 296 qui
1061 240 1232 282 nomina
1251 241 1427 282 summis

321 317 509 373 inposuit
528 321 775 371 certumque
795 315 970 356 modum
989 315 1263 370 propriasque
1283 315 1449 370 figuras.

323 392 390 435 hio
410 392 540 434 etiam
560 391 699 446 legum
718 389 887 431 tabulas
907 395 950 431 et
969 389 1141 431 condita
1162 390 1252 431 iura

197 476 265 508 210
322 467 488 509 nouerit
508 471 638 520 atque
657 465 770 506 notis
789 464 952 506 leuibus
971 464 1200 519 pendentia
1221 464 1362 514 uerba,

322 546 365 583 et
384 541 547 583 licitum
567 540 684 589 sciet,
705 544 748 581 et
768 539 952 581 uetitum
972 553 1080 593 quae
1100 553 1235 593 poena
1255 543 1469 594 sequatur,

321 620 551 671 perpetuus
570 613 716 670 populi
735 614 904 669 priuato
923 613 967 654 in
986 613 1128 654 limine
1147 618 1329 668 praetor.

322 705 407 732 non
427 689 509 731 alio
528 689 670 744 potius
690 688 857 744 genitus
876 687 931 729 sit
951 687 1119 730 Seruius
1139 692 1266 737 astro,

323 765 396 820 qui
416 764 525 820 leges
544 763 686 819 potius
705 763 861 818 posuit,
882 777 979 804 oum
999 762 1089 804 iura
1109 762 1275 803 retexit.

157 906 277 930 orcum
294 896 370 928 cod.
384 896 548 928 Venetus.
596 897 715 932 ortum,
734 896 887 935 partum,
900 896 1045 924 natum:
1070 892 1187 933 paullo
1202 892 1302 923 aliter
1319 902 1360 923 ea
1375 902 1443 923 uox
1462 892 1577 933 posita
1595 895 1648 923 est
1667 899 1696 922 11

155 949 231 986 239,
260 957 297 980 Ν
324 948 401 985 668,
429 956 451 978 v
478 947 531 978 46.
579 956 691 987 neque
718 946 848 977 usitate
871 945 1008 986 signum
1035 944 1191 975 homines
1217 954 1260 975 ex
1287 953 1322 975 se
1348 947 1530 975 nascentes
1556 942 1699 975 tribuere

153 999 282 1032 dicitur
372 999 434 1031 207
460 999 522 1030 208
548 997 751 1030 Palamedes
781 1000 891 1038 πρῶτα
918 999 974 1035 μὲν
998 998 1052 1027 τὸν
1079 998 1247 1035 πάνσοφον
1269 994 1273 1038 Ι
1294 998 1425 1037 ἀριθμὸν
1454 996 1563 1037 ηὕρηκ’
1586 997 1695 1035 ἔξοχον

153 1052 362 1091 σοφισμάτων
389 1049 475 1091 frag.
507 1052 594 1090 trag.
625 1050 746 1080 ineert.
780 1047 877 1080 Stob.
909 1048 970 1079 ecl.
998 1056 1151 1088 prooem.
1186 1046 1301 1078 coron.
1339 1047 1383 1084 1³,
1414 1045 1548 1078 Nauck.
1577 1045 1695 1088 adesp.

153 1104 230 1140 470,
261 1102 354 1134 idem
384 1102 492 1133 etiam
522 1111 611 1142 quae
642 1103 821 1142 praeterea
855 1099 960 1130 Libra
989 1098 1052 1129 dat
1082 1097 1257 1129 noscenda
1287 1100 1385 1139 μέτρα
1415 1101 1467 1129 καὶ
1498 1100 1627 1136 σταθμά
1660 1101 1697 1129 et

153 1158 271 1193 νόμουσ
302 1157 470 1195 Ὑραπτούσ
503 1152 605 1194 Gorg.
636 1152 767 1183 Palam.
796 1153 815 1182 7
844 1151 886 1183 30
976 1150 1039 1181 207
1065 1159 1230 1182 numeros
1256 1149 1330 1186 GL2‚
1356 1159 1523 1181 numerus
1549 1152 1607 1181 ΒΜ

197 1205 349 1243 nomina,
376 1207 408 1237 ἓν
436 1207 491 1236 δύο
514 1206 585 1243 τρία
608 1206 723 1234 cetera
746 1203 802 1233 uel
824 1204 947 1241 μονάδα
972 1203 1069 1232 δυάδα
1092 1203 1216 1241 τριάδα,
1242 1200 1337 1241 quod
1366 1201 1498 1242 primus
1524 1199 1698 1232 intellexit

154 1257 334 1289 Bentleius
447 1255 510 1287 208
544 1258 666 1286 certum
699 1254 844 1291 modum,
879 1252 1015 1284 finitam
1049 1251 1328 1294 magnitudinem
1435 1251 1578 1292 fiquras,
1613 1253 1696 1282 ΑΒΓ

152 1312 285 1340 ceteras
300 1320 309 1346 ;
335 1308 374 1339 de
383 1306 507 1348 fiyuris
521 1315 735 1337 numerorum
751 1305 918 1336 Prisciani
932 1304 1019 1335 liber
1033 1307 1086 1335 est
1101 1303 1233 1336 G.L.K.
1251 1313 1294 1334 111
1309 1313 1366 1344 pp.
1384 1303 1526 1334 406-17.
1574 1312 1696 1344 quam-

151 1370 259 1401 quam
274 1359 403 1392 Gellius
417 1369 497 1390 cum
512 1357 597 1389 dicit
605 1357 736 1398 fiffltrae
750 1357 913 1397 quaedam
926 1365 1151 1392 numerorum,
1166 1365 1249 1395 quas
1264 1355 1381 1386 Graeci
1394 1354 1490 1386 certis
1503 1353 1701 1385 nominibus

151 1411 336 1451 appellant,
358 1410 522 1442 uocabula
542 1409 579 1441 in
600 1409 718 1449 linqua
738 1408 863 1440 Latina
881 1418 949 1438 non
970 1406 1087 1438 liabent
1101 1415 1195 1438 xvm
1215 1407 1255 1437 14
1275 1407 1289 1438 l
1307 1405 1480 1437 hemiolios
1493 1408 1529 1437 et
1547 1405 1696 1445 epitritos

151 1462 325 1505 significat
414 1461 478 1493 209
498 1463 574 1494 iura
596 1462 661 1498 GL,
684 1469 763 1493 rura
785 1462 818 1492 Μ
909 1459 1053 1495 condita,
1075 1457 1293 1495 abscondita,
1315 1461 1355 1489 ut
1376 1466 1419 1489 111
1442 1458 1515 1495 114,
1537 1466 1697 1498 quaeque

151 1514 339 1556 retegenda
367 1514 449 1551 sint,
479 1522 517 1544 IV
546 1513 611 1544 214
702 1511 765 1543 210
793 1510 876 1542 Isid.
908 1511 990 1551 orig.
1022 1519 1035 1541 Ι
1064 1510 1106 1541 23
1135 1510 1173 1541 de
1202 1509 1290 1540 notis
1319 1509 1485 1541 iuridicis.
1534 1509 1697 1548 quaedam

150 1569 262 1598 autem
287 1565 413 1597 litterae
438 1565 476 1596 in
502 1563 597 1595 libris
622 1563 710 1594 iuris
736 1561 910 1593 uerborum
935 1570 1072 1592 suorum
1097 1563 1193 1591 notae
1218 1563 1307 1597 sunt,
1333 1569 1397 1600 quo
1421 1559 1560 1598 scriptio
1584 1559 1699 1590 celeris

151 1617 344 1657 breuiorque
362 1615 437 1656 fiat.
485 1614 646 1656 exempla
669 1615 770 1655 ponit
793 1613 852 1645 BF
873 1613 995 1644 bonum
1015 1612 1156 1652 factum,
1182 1611 1229 1643 SC
1256 1614 1392 1643 senatus
1415 1610 1614 1648 consultum,
1633 1611 1696 1642 ΒΡ

151 1668 350 1709 respublica,
366 1667 426 1699 PR
442 1666 591 1707 populu-s
608 1665 792 1699 Romanus,
806 1664 868 1696 ΒΤ
881 1665 1065 1701 dumtaxat,
1080 1665 1117 1696 Ν
1131 1663 1262 1700 mulier,
1278 1663 1305 1694 P
1314 1662 1483 1702 pupillus,
1499 1665 1530 1696 q
1545 1662 1695 1701 pupilla,

152 1721 187 1752 K
208 1723 321 1759 caput,
339 1719 411 1750 KK
427 1718 618 1750 calumniae
630 1726 744 1754 causa,
764 1716 812 1747 ΙΕ
830 1716 931 1747 iudex
948 1719 1024 1752 eslf),
1042 1715 1111 1746 DM
1128 1715 1241 1747 dolum
1262 1714 1390 1746 malum
1405 1726 1414 1752 ;
1437 1714 1561 1746 deinde
1582 1714 1697 1756 pergit

150 1771 211 1803 kas
238 1772 325 1804 iuris
350 1773 446 1802 notas
471 1769 601 1800 nouicii
627 1768 841 1808 imperatores
865 1767 1116 1808 (Iustinianum
1139 1766 1326 1807 significat)
1349 1775 1371 1796 a
1395 1765 1563 1798 codicibus
1587 1765 1694 1806 lequm

150 1823 328 1855 abolendas
347 1824 540 1859 sanxerunt,
559 1820 640 1861 quia
659 1819 781 1850 multos
798 1829 859 1859 per
879 1819 955 1850 haec
975 1818 1092 1850 callidi
1111 1818 1246 1858 inqenio
1266 1817 1456 1858 iqnorantes
1475 1817 1693 1857 decipiebant.

149 1878 315 1907 notarum
342 1873 527 1905 laterculos
549 1872 660 1904 edidit
680 1871 916 1902 Mommsenus
942 1871 979 1901 in
1006 1869 1138 1902 G.L.K.
1164 1878 1201 1900 1V
1229 1880 1287 1911 pp.
1311 1869 1486 1907 267-352;
1523 1868 1693 1910 plurimae

150 1929 276 1959 extant
292 1926 328 1957 in
348 1925 414 1957 Gai
428 1924 546 1955 codiee
564 1923 753 1955 Veronensi
843 1922 905 1953 211
927 1925 1098 1960 sequatur
1115 1925 1151 1958 G,
1170 1925 1339 1959 sequetur
1355 1920 1405 1957 L2‚
1425 1925 1619 1959 sequentur
1635 1923 1693 1952 ΒΜ

238 1978 303 2009 212
329 1980 452 2009 limine
479 1974 579 2007 codd.
610 1974 699 2005 Flor.
729 1976 766 2004 et
794 1972 907 2010 Bodl.‚
935 1975 1068 2004 lumine
1095 1975 1179 2004 GLM
1269 1971 1534 2003 iurisconsultus
1560 1971 1695 2003 reclusa.

149 2029 254 2061 domo
275 2029 393 2060 clienti
413 2028 489 2059 iura
509 2035 670 2068 promens
691 2025 727 2056 id
747 2024 817 2056 fere
838 2024 967 2066 populo
988 2026 1156 2065 praestat,
1177 2026 1213 2054 et
1234 2022 1376 2064 quidem
1396 2025 1577 2064 perpetuo,
1598 2022 1693 2064 quod

147 2083 185 2113 in
212 2082 285 2112 iure
313 2082 454 2121 praetor
481 2087 637 2109 annuum
670 2076 832 2108 obtinens
865 2076 1122 2117 magistratum.
1170 2077 1321 2106 constant
1347 2075 1440 2106 enim
1468 2074 1547 2106 iura
1570 2074 1695 2114 populi·

150 2132 309 2169 Romani,
327 2134 368 2163 ut
385 2141 422 2163 ea·
439 2129 554 2162 edictis
570 2138 682 2160 eorum
698 2128 757 2168 qui
773 2128 828 2159 ius
845 2127 995 2159 edicendi
1010 2126 1139 2164 liabent,
1156 2126 1207 2157 ita
1224 2136 1262 2157 ex
1277 2125 1448 2165 responsis
1462 2126 1693 2165 prudentium,

148 2184 213 2216 Gai
226 2185 307 2215 inst.
324 2192 337 2214 1
352 2183 371 2213 2
462 2181 525 2212 213
539 2189 562 2212 v
576 2181 641 2211 298
654 2179 740 2220 quod
752 2179 866 2218 potius
883 2178 1028 2210 dederim
1048 2178 1175 2209 Teucro
1191 2177 1330 2209 sidusue
1346 2186 1492 2217 qenusue
1504 2179 1519 2209 ,Ρ
1565 2177 1693 2208 similia

148 2245 187 2268 1v
212 2236 288 2272 769,
314 2243 337 2266 v
362 2234 439 2271 344,
465 2233 530 2264 520
620 2230 763 2263 Seruius
788 2230 959 2272 Sulpicius
986 2230 1024 2268 Q.
1052 2229 1074 2260 f.
1103 2229 1270 2260 Lemonia
1294 2228 1420 2266 Rufus,
1446 2238 1551 2270 quem
1575 2228 1692 2261 Cicero

149 2287 249 2319 Brut.
278 2286 384 2318 15lffl3
408 2285 508 2326 longe
531 2283 688 2315 omnium
711 2292 782 2313 non
804 2281 959 2313 eiusdem
984 2280 1087 2312 modo
1112 2281 1238 2312 aetatis
1261 2278 1322 2311 sed
1344 2290 1465 2311 eorum
1487 2280 1607 2317 etiam,
1631 2280 1693 2320 qui

146 2338 306 2375 fuissent,
326 2338 361 2368 in
380 2337 453 2367 iure
471 2335 565 2367 ciuili
582 2334 774 2376 principem
792 2333 894 2371 dixit,
913 2333 996 2365 iuris
1014 2332 1125 2364 ciuilis
1143 2341 1310 2373 magnum
1328 2341 1430 2362 usum
1449 2330 1543 2373 apud
1562 2330 1693 2362 multos

146 2390 264 2428 fuisse,
294 2392 405 2420 artem
433 2388 470 2418 in
497 2387 562 2419 hoc
591 2396 672 2423 uno,
701 2385 793 2417 hunc
821 2386 914 2416 enim
942 2384 1102 2416 attulisse
1129 2383 1349 2415 dialecticam
1377 2383 1533 2414 omnium
1562 2383 1691 2415 artium

149 2442 340 2473 maximam
365 2439 465 2480 quasi
489 2438 602 2470 lucem
627 2437 673 2468 ad
697 2447 738 2468 ea
763 2446 853 2478 quae
878 2435 1020 2467 confuse
1045 2435 1090 2466 ab
1115 2434 1190 2466 aliis
1215 2437 1279 2466 aut
1302 2433 1605 2476 respondebantur
1629 2437 1692 2466 aut

150 2492 364 2535 agebantur:
392 2490 484 2522 idem
510 2489 597 2521 Phil.
621 2498 659 2520 rx
685 2489 725 2520 10
750 2498 863 2519 omne-s
886 2498 924 2519 ex
946 2487 1040 2518 omni
1059 2489 1173 2523 aetate,
1188 2485 1248 2526 qui
1270 2485 1308 2517 in
1328 2485 1388 2516 hac
1408 2486 1543 2517 ciuitate
1566 2485 1691 2517 intelle-

148 2544 294 2584 gentiam
316 2542 404 2575 iuris
426 2541 622 2578 habuerunt,
643 2540 674 2571 si
694 2549 802 2570 unum
822 2539 860 2570 in
876 2538 984 2570 locum
1005 2537 1229 2578 conferantur,
1250 2546 1325 2568 cum
1350 2535 1420 2569 Ser.
1444 2535 1600 2576 Sulpicio
1622 2547 1691 2569 non

147 2596 217 2627 sint
233 2593 453 2634 comparandi
541 2592 683 2624 Seruius
700 2590 931 2632 Sulpiciorum
947 2598 1170 2631 praenomen,
1187 2588 1279 2620 siout
1297 2587 1522 2620 Claudiorum
1541 2588 1691 2630 Appius,

148 2647 280 2688 passim
299 2645 426 2677 omisso
443 2643 583 2675 nomine
600 2643 754 2684 ponitur,
769 2641 867 2673 uelut
884 2640 926 2672 de
943 2640 1008 2672 hoc
1025 2640 1100 2681 ipso
1118 2639 1186 2671 Cic.
1201 2638 1284 2670 fam.
1304 2647 1373 2670 vm
1392 2639 1432 2671 10
1449 2639 1469 2671 3
1486 2639 1576 2670 nosti
1591 2638 1687 2669 Mar-

150 2697 280 2734 cellum,
302 2706 403 2737 quam
423 2695 539 2726 tardus
561 2697 589 2725 et
608 2702 733 2733 parum
754 2694 866 2734 efficax
886 2691 941 2729 sit,
959 2691 1099 2731 itemque
1116 2688 1260 2721 Seruius
1280 2699 1381 2731 quam
1401 2692 1580 2727 cunctator,
1602 2690 1687 2721 cele·
1730 2700 1734 2702 ’

150 2748 413 2788 brabanturque
428 2747 464 2778 in
477 2747 550 2778 iure
565 2745 658 2775 ciuili
673 2743 789 2776 Seruii
805 2743 984 2780 auditores,
1000 2743 1077 2784 le.
1094 2741 1162 2783 dig.
1179 2743 1222 2775 39
1237 2743 1256 2774 3
1277 2743 1291 2773 1
1310 2742 1330 2773 6
1420 2741 1485 2773 214
1497 2750 1575 2773 cum
1591 2744 1688 2779 (ΗΜ,

151 2809 258 2837 quam
271 2809 334 2840 pro
348 2809 420 2830 uar.
436 2807 499 2829 scr.
512 2799 548 2828 et
561 2796 598 2828 L²
611 2798 647 2827 et
658 2799 683 2827 G
694 2805 786 2827 man.
802 2796 830 2826 1.
878 2793 1037 2826 Seruium
1050 2793 1291 2835 respondendo
1303 2793 1419 2835 ipsum
1429 2792 1520 2834 leges
1532 2792 1688 2833 posuisse

150 2851 275 2882 merito
292 2849 429 2882 dixeris.
478 2848 585 2880 Gaius
601 2848 681 2878 inst.
701 2855 714 2878 1
730 2848 748 2878 7
766 2855 926 2886 responsa
941 2844 1159 2885 prudentium
1176 2847 1255 2875 sunt
1271 2844 1451 2876 sententiae
1467 2846 1495 2875 et
1509 2843 1688 2883 opiniones
