1872 3183
177 133 205 169 4
769 132 830 175 M.
863 132 1117 175 MANILII

336 254 405 290 an,
427 240 506 281 nisi
525 240 617 282 fata
636 240 788 283 darent
806 240 916 297 leges
935 242 1135 298 uitaeque
1154 243 1363 299 necisque,

337 314 544 369 fugissent
562 315 678 371 ignes
697 315 883 366 Aenean,
905 316 1029 358 Troia
1048 317 1127 359 sub
1146 331 1232 359 uno

234 396 280 427 25
334 403 419 430 non
440 403 584 431 euersa
603 389 695 431 uiro
714 389 815 431 fatis
833 390 1004 432 uicisset
1022 391 1066 432 in
1085 391 1185 446 ipsis
1205 393 1220 433 3

334 468 411 505 aut
430 463 531 519 lupa
549 463 760 519 proiectos
779 464 982 507 nutrisset
1001 465 1155 507 Martia
1174 466 1338 516 fratres,

332 538 471 579 Roma
490 538 596 579 casis
615 543 742 580 enata
762 538 884 589 foret,
905 539 1200 596 pecudumque
1220 541 1411 596 magistri

330 612 374 653 in
393 611 653 667 Capitolinos
673 612 894 655 duxissent
912 613 1090 656 fulmina
1110 615 1280 665 montis,

328 686 540 728 includiue
559 701 635 728 sua
653 687 863 742 potuisset
881 689 1074 744 Iuppiter
1094 703 1200 739 arce,

230 767 273 799 30
330 765 481 816 captus
502 766 545 802 et
564 775 591 802 a
609 761 747 817 captis
767 762 878 804 orbis
897 762 1007 805 foret
1027 765 1041 805 2
1073 764 1169 819 igne
1188 763 1353 819 sepulto

328 835 572 877 uulneribus
591 835 729 877 uictor
747 837 969 892 repetisset
988 838 1152 880 Mucius
1171 838 1332 889 urbem,

327 909 439 951 solus
459 914 502 951 et
522 910 726 966 oppositis
746 910 964 954 clausisset
982 912 1189 954 Horatius
1208 913 1336 955 armis

325 989 501 1039 pontem
520 984 753 1040 urbemque
772 986 909 1036 simul,
930 987 1113 1042 rupisset
1131 987 1301 1029 foedera
1319 988 1451 1044 uirgo,

327 1063 496 1114 tresque
516 1059 595 1101 sub
615 1060 739 1101 unius
758 1060 910 1102 fratres
929 1061 1089 1103 uirtute
1109 1062 1294 1104 iacerent
1313 1064 1328 1104 2

158 1201 285 1237 cuique
303 1200 378 1232 cod.
399 1201 503 1240 Flor.,
521 1204 696 1240 uacuique
713 1206 797 1235 GLM
820 1203 895 1235 cod.
916 1203 1070 1235 Venetus
1162 1203 1291 1234 23-105
1310 1203 1385 1236 fato
1405 1204 1522 1235 omnia
1539 1203 1610 1245 regi
1627 1201 1709 1234 inde

159 1250 335 1293 colligitur
351 1253 446 1293 quod
466 1253 579 1285 multa
595 1254 821 1296 inexpectata
845 1265 910 1286 usu
936 1255 1083 1287 ueniunt
1108 1265 1267 1297 quaeque
1292 1265 1395 1287 nemo
1420 1255 1485 1287 sibi
1505 1255 1711 1297 promittere

160 1302 300 1335 audeat.
348 1303 425 1336 qu.
453 1313 506 1336 vn
533 1305 683 1337 194-201
710 1306 812 1338 distat
837 1307 927 1338 enim
950 1317 1034 1347 quae
1056 1305 1060 1349 Ι
1081 1306 1192 1338 sidera
1215 1309 1244 1338 te
1269 1307 1439 1348 excipiant
1463 1306 1558 1338 modo
1579 1306 1710 1348 primos

159 1354 377 1395 incipientem
399 1354 404 1398 Ι
425 1356 514 1388 edere
533 1357 669 1397 uaqitus
688 1361 717 1389 et
736 1357 843 1390 adhuc
863 1368 884 1389 a
904 1361 1006 1390 matre
1025 1358 1202 1390 rubentem.
1227 1356 1232 1401 Ι
1251 1358 1282 1390 st
1304 1358 1457 1390 Fortuna
1475 1358 1573 1396 uolet,
1587 1357 1652 1399 fies
1671 1358 1710 1390 de

157 1404 281 1437 rhetore
295 1407 412 1438 consul
427 1417 439 1443 ,·
461 1406 466 1450 Ι
486 1408 517 1439 si
531 1408 617 1440 uolet
632 1408 709 1440 haec
725 1409 847 1447 eadem,
858 1409 917 1450 fiet
932 1409 970 1441 de
985 1409 1118 1441 consule
1132 1409 1247 1441 rhetor.
1272 1408 1276 1453 Ι
1302 1410 1479 1443 Ventidius
1492 1409 1575 1450 quid
1589 1409 1678 1441 enim
1693 1409 1709 1440 ?

156 1456 239 1497 quid
259 1457 396 1489 'Pullius
411 1459 426 1490 ?
456 1469 544 1491 anne
562 1459 658 1492 aliud
675 1471 776 1500 quam
798 1459 802 1504 Ι
823 1461 919 1492 sidus
937 1464 965 1492 et
982 1461 1102 1493 occulti
1119 1461 1278 1493 miranda
1292 1461 1443 1502 potentia
1454 1461 1524 1502 fati
1539 1462 1554 1492 :⁹
1575 1459 1580 1504 Ι
1599 1460 1709 1492 seruis

156 1518 258 1548 reyna
291 1509 427 1548 dabunt,
463 1511 611 1551 captiuis
639 1511 717 1552 fata
749 1512 968 1553 triumphum.
1017 1513 1110 1544 idem
1145 1513 1265 1545 multis
1299 1513 1467 1555 exemplis
1502 1512 1711 1554 comprobat

155 1559 325 1592 Firmicus
349 1561 458 1593 math.
478 1571 491 1593 1
509 1563 527 1593 7
591 1562 633 1593 23
657 1572 703 1595 an
728 1563 894 1595 Barthius
919 1563 998 1595 adu.
1018 1574 1051 1606 p.
1072 1565 1147 1602 915,
1165 1568 1230 1596 aut
1246 1568 1282 1602 G,
1300 1568 1339 1596 at
1363 1564 1412 1602 L2,
1430 1567 1476 1596 ad
1491 1567 1561 1601 LM,
1579 1566 1613 1597 id
1629 1562 1707 1595 cod.

158 1610 322 1649 Venetus,
346 1612 494 1645 fortasse
517 1614 599 1654 quid
613 1615 629 1646 ?
718 1614 761 1644 24
783 1618 960 1653 fugissent
982 1619 1028 1653 M,
1046 1619 1230 1648 fulsissent
1255 1619 1327 1653 GL;
1351 1615 1466 1648 Germ.
1490 1615 1617 1657 phaen.
1644 1615 1710 1647 644

148 1661 287 1702 fulserit
309 1663 388 1695 libri
411 1674 474 1705 pro
493 1664 629 1706 fuyerit.
678 1666 777 1707 Verg.
803 1666 888 1698 Aen.
915 1676 943 1698 11
968 1668 1032 1699 632
1057 1678 1107 1709 sq.
1133 1668 1269 1700 ducente
1292 1667 1350 1699 deo
1368 1667 1546 1710 flammam
1570 1667 1658 1698 inter
1684 1670 1714 1698 et

156 1713 260 1745 hostis
281 1712 286 1757 Ι
306 1716 461 1756 expediar
477 1726 489 1752 ,·
523 1717 604 1748 dant
625 1717 689 1749 tela
711 1717 819 1749 locum
835 1719 1058 1760 flammaeque
1079 1719 1243 1757 recedunt,
1263 1719 1365 1752 Ouid.
1390 1722 1472 1750 met.
1497 1728 1545 1750 xv
1567 1719 1633 1751 440
1655 1728 1706 1759 sq.

156 1775 224 1797 non
242 1769 308 1798 tota
326 1767 417 1799 cadet
435 1770 464 1799 te
483 1769 606 1809 sospite
627 1769 732 1801 Troia
747 1778 760 1805 ,·
781 1767 786 1812 Ι
800 1769 943 1810 flamma
962 1770 1022 1802 tibi
1035 1770 1228 1812 ferrumque
1246 1770 1371 1802 dabunt
1390 1771 1462 1808 iter,
1481 1769 1562 1802 fast.
1583 1778 1622 1801 IV
1642 1770 1708 1802 799

156 1826 220 1857 sq„
235 1827 278 1848 ex
293 1817 394 1849 Pont.
412 1828 425 1849 Ι
441 1820 456 1850 l
473 1819 515 1851 33
529 1829 593 1861 sq„
610 1820 699 1852 Stat.
715 1820 790 1852 silu.
807 1829 849 1852 111
864 1822 883 1853 3
900 1822 963 1853 188
977 1832 1026 1863 sq.
1121 1822 1182 1853 sub
1195 1832 1263 1853 uno
1276 1832 1344 1854 non
1358 1831 1473 1853 euersa
1489 1821 1576 1859 uiro,
1590 1821 1710 1853 Aenea

155 1869 286 1910 sospite
303 1879 421 1911 sospes
436 1882 444 1902 :
475 1870 554 1902 uide
572 1880 599 1903 11
617 1873 636 1904 3
654 1872 842 1912 uictamque
859 1872 919 1904 sub
935 1873 1073 1905 Hectore
1093 1873 1232 1905 Troiam
1248 1873 1366 1915 ibique
1384 1873 1567 1911 adnotata,
1585 1881 1623 1904 IV
1640 1873 1706 1905 766

244 1920 285 1950 25
302 1920 389 1961 fatis
409 1921 448 1953 in
469 1922 568 1962 ipsis,
586 1926 663 1954 tum
684 1924 800 1965 ipsum
821 1934 901 1956 cum
922 1925 1081 1956 interiret
1170 1925 1212 1956 26
1237 1928 1411 1964 proiectos
1435 1924 1511 1961 (Ἀθ,
1529 1926 1708 1963 proiectus

154 1973 212 2002 LM
302 1972 344 2003 27
366 1976 472 2005 enata
492 1977 561 2012 LM,
583 1978 620 2006 et
643 1979 730 2007 nata
751 1978 787 2008 G.
833 1975 958 2007 Tibull.
982 1985 1010 2007 11
1031 1978 1051 2007 5
1073 1976 1115 2008 26
1136 1975 1267 2008 stabant
1287 1976 1429 2008 humiles
1450 1976 1489 2008 in
1515 1975 1613 2007 Iouis
1633 1985 1708 2007 arce

153 2031 262 2061 casae,
290 2022 391 2055 Ouid.
417 2024 498 2057 fast.
526 2034 549 2057 v
575 2027 616 2058 93
642 2036 692 2067 sq.
720 2026 784 2064 hic,
810 2026 868 2058 ubi
893 2037 982 2058 nunc
1018 2027 1126 2059 Roma
1150 2031 1206 2065 est,
1225 2052 1232 2060 .
1252 2052 1259 2060 .
1280 2052 1287 2059 .
1306 2037 1385 2059 casa
1409 2038 1488 2059 rara
1505 2027 1578 2069 suit

201 2074 242 2104 28
267 2078 451 2108 duxissent
474 2076 511 2108 F.
533 2077 667 2116 Iunius,
687 2080 871 2110 auxissent
889 2082 984 2117 GLM,
1010 2082 1189 2111 ausissent
1208 2079 1284 2111 cod.
1312 2080 1466 2112 Venetus
1555 2080 1708 2110 fulmina.

151 2124 254 2156 codd.
274 2126 364 2158 Flor.
383 2131 420 2159 et
439 2128 552 2166 BodL,
569 2132 714 2161 flumina
731 2133 826 2167 GLM,
843 2133 980 2162 lumina
997 2130 1071 2162 cod.
1089 2131 1243 2163 Venetus
1287 2130 1450 2172 fulmina,
1469 2130 1706 2172 Capitolinum

155 2176 353 2209 Tonantem
369 2190 378 2216 ;
402 2189 584 2221 perperam
595 2181 687 2212 enim
700 2181 878 2213 Bentleius
889 2181 1009 2213 Iouem
1022 2182 1170 2214 Elicium
1181 2183 1362 2224 intellegit,
1375 2183 1472 2214 cuius
1482 2183 1518 2213 in
1529 2181 1706 2213 Auentino

154 2238 217 2259 ara
235 2229 304 2260 fuit
395 2231 586 2272 simplicem
605 2236 641 2264 et
660 2233 856 2274 insequenti
877 2243 978 2264 uersu
1000 2233 1175 2265 firmatam
1201 2233 1293 2265 Iunii
1318 2234 1555 2265 coniecturam
1579 2232 1705 2274 proba-

158 2283 241 2311 runt
265 2281 416 2313 Huetius
441 2283 619 2315 Bentleius
643 2283 792 2316 Iacobus
817 2285 1018 2323 Bechertus,
1042 2295 1125 2326 prae
1149 2296 1220 2326 qua
1242 2288 1376 2317 ceterae
1401 2284 1488 2316 adeo
1505 2283 1647 2316 sordent
1664 2285 1706 2315 ut

153 2332 371 2364 omittendae
389 2333 584 2366 uideantur.
633 2335 728 2376 quod
746 2335 791 2367 ad
807 2336 930 2367 montis
946 2336 1162 2378 pluratiuum
1180 2337 1320 2374 attinet,
1343 2336 1481 2367 dixerat
1502 2335 1705 2377 Propertius

158 2390 196 2413 1v
215 2384 235 2414 9
254 2384 274 2415 3
294 2384 434 2422 eductos,
452 2395 611 2426 pecorosa
629 2386 778 2424 Palatia,
797 2390 923 2419 montes
1011 2387 1054 2418 29
1074 2388 1140 2419 Cic.
1162 2396 1190 2418 11
1209 2388 1303 2419 Verr.
1324 2396 1362 2419 IV
1384 2387 1446 2419 129
1464 2386 1503 2418 in
1522 2385 1703 2427 Capitolio,

154 2432 213 2464 hoc
234 2437 278 2465 est
298 2435 336 2466 in
354 2436 498 2467 terrestri
516 2437 687 2469 domicilio
709 2438 807 2469 Iouis
897 2438 939 2469 30
957 2448 979 2470 a.
999 2438 1135 2471 addidit
1155 2438 1305 2480 Scaliger
1394 2441 1508 2476 captis
1527 2441 1564 2475 G,
1576 2440 1705 2476 capitis

157 2488 224 2516 LM.
273 2487 391 2527 captis,
408 2497 556 2528 quorum
572 2488 654 2520 urbs
669 2489 772 2520 Troia
786 2493 892 2531 capta
905 2491 962 2527 sit,
978 2493 1018 2522 ut
1033 2491 1132 2532 Verg.
1149 2490 1234 2522 Aen.
1250 2499 1289 2522 rx
1309 2491 1373 2522 599
1388 2490 1438 2522 bis
1452 2489 1542 2531 capti
1557 2488 1704 2530 Phryqes

245 2536 283 2566 31
314 2540 448 2569 mutius
481 2541 540 2577 GL,
570 2541 709 2571 iuuenis
739 2544 772 2571 M
863 2544 985 2572 urbem
1020 2541 1095 2579 GL2,
1126 2545 1244 2572 orbem
1274 2544 1332 2572 ΕΜ
1422 2543 1515 2572 recte
1554 2539 1704 2572 Iacobus

158 2586 166 2598 ‘
181 2586 316 2619 Mucius
336 2589 538 2622 uulneribus
557 2591 672 2632 ignem
692 2591 853 2633 sepeliuit
867 2592 874 2605 ⁷
897 2592 1024 2624 collato
1045 2592 1121 2625 sen.
1144 2603 1197 2633 ep.
1220 2594 1263 2623 24
1283 2594 1303 2624 5
1323 2595 1484 2633 spectator
1503 2591 1704 2624 destillantis

154 2638 195 2668 in
217 2637 330 2670 hostili
345 2639 459 2680 foculo
481 2642 629 2673 dexterae
651 2643 737 2674 stetit
758 2653 817 2674 nee
838 2646 914 2675 ante
935 2644 1075 2675 remouit
1097 2644 1200 2675 nudis
1221 2643 1352 2675 ossibus
1367 2644 1529 2685 fluentem
1550 2652 1701 2677 manum,

154 2699 256 2729 quam
273 2690 363 2730 iynis
379 2692 434 2723 illi
450 2692 491 2723 ab
507 2693 596 2724 lio-ste
611 2693 792 2726 subductus
808 2697 854 2726 est
869 2707 876 2726 ε
895 2694 991 2726 adice
1009 2694 1082 2726 Val.
1102 2694 1194 2726 Max.
1205 2703 1256 2730 ,111
1273 2695 1293 2727 3
1310 2697 1380 2726 ext.
1399 2697 1420 2726 5
1437 2694 1703 2735 (Hieronymus)

155 2740 274 2780 rupit.
293 2765 300 2772 .
320 2765 327 2772 .
347 2743 493 2781 uerbera,
511 2744 673 2785 fidiculas
695 2745 836 2783 laxauit,
860 2746 961 2777 soluit
984 2746 1141 2783 eculeum,
1166 2746 1380 2778 lamminas
1411 2745 1583 2778 extinxit
1601 2745 1704 2786 prius

151 2801 254 2831 quam
273 2793 391 2833 efficere
407 2796 518 2835 potuit
536 2799 572 2827 ut
591 2796 822 2837 (Theodotus)
841 2798 1063 2838 tyrannicidii
1081 2798 1228 2829 conscios
1247 2798 1409 2831 indicaret
1499 2797 1540 2828 33
1558 2801 1702 2835 pontem

149 2845 224 2880 GM,
247 2848 401 2877 montem
424 2849 447 2877 L
537 2848 692 2888 rupisset,
717 2848 912 2881 rescidisset
935 2852 971 2881 et
998 2850 1097 2881 irrita
1129 2849 1267 2881 fecisset
1357 2849 1397 2880 35
1423 2858 1436 2880 1
1460 2850 1525 2881 779
1549 2848 1702 2881 Horatia
