1872 3183
583 136 1070 181 ASTRONOMICON
1101 136 1167 178 IV
1594 139 1645 178 31

276 247 600 304 quadrupedum
620 261 743 289 omne
762 260 893 301 genus
912 245 1061 301 positis
1079 245 1287 287 domitare
1307 245 1530 301 magistris,

148 330 218 362 235
274 336 446 364 exorare
465 321 584 376 tigris
603 321 846 375 rabiemque
865 320 1028 362 auferre
1048 319 1157 361 leoni

273 410 454 451 cumque
473 395 696 450 elephante
716 394 830 450 loqui
850 399 1103 449 tantamque
1122 398 1269 449 aptare
1289 393 1499 449 loquendo

274 470 437 512 artibus
456 469 652 510 humanis
671 469 789 511 uaria
809 468 864 510 ad
884 468 1125 524 spectacula
1144 467 1310 509 molem.

274 545 432 600 quippe
451 543 563 585 ferae
583 543 767 585 mixtum
787 548 851 584 est
869 542 1051 584 hominis
1070 557 1144 597 per
1164 541 1299 583 sidera
1318 556 1469 597 corpus

274 618 590 674 inpositumque
610 622 770 667 manet,
791 617 986 672 quocirca
1006 621 1154 671 regnat
1172 616 1216 657 in
1235 616 1339 657 illas.

150 700 219 732 240
276 691 474 747 quodque
493 692 659 733 intenta
679 691 785 747 gerit
804 695 981 733 curuato
1001 690 1163 745 spicula
1181 704 1324 740 cornu,

277 771 320 808 et
339 780 490 808 neruos
510 766 662 807 tribuit
682 765 879 807 membris
899 769 942 806 et
962 765 1157 806 acumina
1176 764 1292 806 cordi

276 845 318 882 et
337 839 488 882 celeres
508 844 649 882 motus
669 855 744 882 nec
765 839 1014 881 delassabile
1033 844 1194 894 peetus.

329 915 459 956 Vesta
478 919 588 964 tuos,
610 914 873 970 Capricorno,
895 913 1013 955 fouet
1033 912 1319 968 penetralibus
1339 913 1454 968 ignes
1474 928 1481 954 :

112 1049 155 1081 29
166 1058 267 1080 curru
279 1048 476 1089 subiunqere
489 1049 584 1089 tiqris
674 1049 824 1080 234-237
842 1047 895 1080 his
905 1048 1079 1079 simillima
1091 1051 1173 1079 sunt
1191 1057 1280 1088 quae
1298 1047 1340 1078 de
1359 1047 1446 1079 Vrsa
1463 1046 1653 1078 traduntur

111 1107 135 1131 v
160 1100 314 1132 693-709
403 1100 468 1130 234
491 1099 756 1140 quadrupedum,
780 1099 877 1131 uelut
901 1099 1043 1141 tigrium
1066 1099 1206 1130 leonum
1230 1099 1467 1140 elephantum,
1493 1107 1652 1139 peruerse

110 1151 204 1183 enim
231 1150 381 1192 Scaliger
406 1154 442 1182 et
469 1151 586 1192 Fayus
612 1151 702 1183 solos
728 1161 835 1192 equos
861 1151 1068 1192 intellegunt
1156 1150 1278 1190 positis
1304 1152 1345 1181 ut
1372 1150 1414 1181 66
1441 1159 1491 1190 sq.
1520 1147 1649 1191 reqeml

118 1201 280 1234 Romanis
302 1202 452 1242 positum
541 1202 603 1233 235
630 1211 653 1233 v
678 1203 741 1234 707
768 1202 881 1241 tiqrim
905 1201 996 1233 rabie
1020 1201 1134 1238 soluat,
1161 1200 1219 1233 Sil.
1245 1210 1310 1232 XVI
1335 1202 1400 1232 235
1425 1211 1475 1242 sq.
1503 1200 1557 1232 illi
1582 1210 1653 1232 mos

110 1253 246 1294 patrius
265 1252 357 1294 fetus
382 1253 510 1284 nutrire
535 1253 667 1284 leonum
686 1251 690 1296 Ι
708 1256 737 1284 el
760 1253 882 1284 catulis
907 1252 1032 1284 rabiem
1052 1256 1148 1293 atque
1170 1252 1240 1283 iras
1264 1252 1421 1291 expellere
1446 1251 1564 1283 alendo

158 1304 221 1335 236
249 1303 307 1336 Sil.
337 1312 381 1335 ΠΙ
409 1304 474 1335 288
502 1313 552 1345 sq.
584 1303 716 1336 misceri
742 1303 892 1344 qreqibus
921 1303 1076 1335 Gaetulia
1103 1306 1196 1334 sueta
1218 1302 1371 1344 ferarum
1392 1301 1397 1345 Ι
1417 1303 1653 1343 indomitisque

113 1354 205 1395 loqui
237 1358 265 1387 et
293 1356 406 1387 sedare
435 1355 584 1387 leonibus
614 1355 695 1393 iras,
730 1355 816 1386 Plin.
842 1355 911 1386 n.h,
938 1363 1006 1386 VIII
1034 1356 1048 1386 l
1077 1354 1259 1386 intellectas
1284 1354 1354 1386 illis
1380 1353 1652 1396 (elephantibus)

113 1406 276 1438 sermonis
286 1407 405 1447 patrii,
420 1406 493 1438 Ael.
506 1409 579 1438 nab.
593 1417 647 1438 an.
660 1415 699 1438 XI
716 1407 758 1438 25
776 1406 821 1446 τῷ
839 1409 1030 1446 Πτολεμαίῳ
1039 1406 1083 1446 τῷ
1100 1408 1232 1446 δευτέρῳ
1251 1430 1258 1437 .
1279 1430 1286 1437 .
1307 1429 1314 1437 .
1330 1407 1455 1446 βρέφοσ
1473 1408 1653 1445 ἐλέφαντοσ

115 1460 213 1499 δῶρον
239 1460 332 1496 ἐδόθη
358 1460 410 1489 καὶ
435 1458 475 1498 τῇ
501 1457 592 1498 φωνῇ
613 1459 770 1498 ἐνετράφη
792 1457 830 1497 τῇ
849 1458 984 1489 Ἐλλάδι
1003 1460 1054 1489 καὶ
1077 1460 1260 1489 λαλούντων
1284 1459 1395 1489 συνίει·
1442 1458 1653 1489 ἐπεπίστευτο

115 1511 149 1541 δὲ
182 1510 244 1550 πρὸ
274 1508 366 1541 τοῦδε
397 1512 454 1540 τοῦ
487 1509 565 1550 ζῴου
597 1512 660 1548 τῆσ
690 1510 799 1540 Ἰνδῶν
833 1510 934 1547 μόνησ
969 1511 1082 1548 φωνῆσ
1115 1510 1235 1540 ἐπαίειν
1270 1511 1348 1540 ‘rofio'
1380 1510 1565 1548 ε’λέφαντασ

159 1560 223 1592 237
251 1560 380 1592 artibus
412 1560 572 1592 humanis
594 1560 750 1598 (latinus,
778 1569 801 1591 v
831 1561 894 1592 703
926 1570 976 1600 sq.
1006 1570 1064 1591 nec
1091 1559 1200 1600 fugiet
1217 1584 1224 1591 .
1244 1584 1251 1591 .
1271 1584 1278 1591 .
1298 1569 1395 1591 ursas
1415 1558 1419 1602 Ι
1437 1560 1537 1600 inque
1568 1561 1655 1590 aries

117 1611 292 1644 hominum
327 1621 549 1652 peruersaque
586 1621 725 1642 munera
755 1612 848 1643 ducet
938 1612 1039 1642 uaria
1066 1611 1110 1642 ad
1137 1611 1336 1650 spectacula,
1366 1614 1406 1642 ut
1434 1611 1532 1642 uaria
1560 1620 1655 1652 spec-

114 1662 233 1694 tacula
272 1662 355 1694 edat
444 1662 508 1693 239
548 1662 636 1700 illas,
678 1662 779 1699 feras,
813 1663 904 1693 sicut
937 1662 1068 1693 Plinius
1101 1661 1176 1693 loco
1212 1661 1316 1692 modo
1352 1661 1470 1693 adlato
1507 1661 1577 1692 illis
1610 1660 1655 1692 ad

115 1713 273 1754 elephans
303 1713 441 1745 rettulit
531 1713 595 1744 240
628 1717 790 1751 quodque
824 1712 923 1744 codd.
960 1713 1050 1744 Flor.
1085 1716 1121 1744 et
1155 1712 1268 1750 BodL,
1303 1722 1440 1750 quoque
1468 1716 1551 1744 GLM
1576 1712 1652 1743 cod.

115 1765 281 1802 Venetus,
299 1764 395 1806 quod
417 1763 557 1796 reduxit
578 1764 727 1796 Iacobus
747 1764 754 1776 ‘
770 1764 1018 1796 attractionem
1030 1764 1037 1776 '
1057 1765 1191 1795 iactans
1207 1776 1214 1795 ε
1231 1767 1269 1795 at
1286 1764 1449 1796 acumina
1465 1763 1561 1795 cordi
1583 1773 1654 1794 non

115 1819 303 1848 curuatum
344 1826 451 1847 cornu
492 1815 617 1847 tribuit
658 1815 718 1847 sed
750 1815 892 1857 spicula.
951 1815 1046 1856 quod
1078 1825 1197 1846 arcum
1220 1816 1456 1856 sagittamque
1481 1816 1584 1857 gerit,
1612 1825 1654 1845 ea

115 1878 169 1900 res
203 1877 244 1899 eo
278 1867 442 1909 pertinet,
476 1870 516 1898 ut
549 1867 683 1898 tribuat
718 1877 854 1904 neruos,
891 1867 1063 1904 acumina,
1100 1867 1325 1899 celeritatem.
1375 1867 1536 1909 Hyginus
1568 1869 1651 1898 astr.

116 1927 145 1950 11
179 1919 221 1950 27
249 1918 404 1956 Crotum,
431 1919 492 1959 qui
519 1918 727 1959 Sagittarius
752 1921 816 1955 est,
844 1917 930 1949 dicit
957 1921 985 1949 et
1011 1918 1218 1950 celerrimum
1247 1919 1284 1950 in
1311 1918 1412 1950 siluis
1441 1921 1469 1950 et
1501 1918 1657 1949 acutissi-

117 1979 211 2001 mum
236 1970 274 2002 in
298 1970 405 2001 musis
423 1969 554 2010 facturn
576 1980 653 2007 esse,
679 1970 779 2010 eique
805 1970 840 2000 in
866 1972 960 2001 astra
991 1969 1101 2001 relato
1132 1969 1249 2001 Iouem
1275 1970 1413 2010 sayiltas
1445 1970 1656 2006 adiunxisse,

116 2024 154 2052 ut
179 2030 217 2052 ex
241 2020 295 2052 his
327 2024 355 2052 et
386 2030 526 2052 acumen
559 2023 587 2051 et
618 2020 766 2051 celeritas
799 2021 871 2051 eius
903 2021 1072 2052 uideretur
1160 2021 1222 2051 241
1249 2030 1388 2051 acumen
1413 2021 1521 2052 cordis
1547 2020 1652 2052 Firm.

117 2073 195 2103 1112
213 2072 267 2110 23,
286 2071 380 2112 quod
405 2071 490 2112 quid
515 2071 561 2102 sit
586 2071 747 2102 omnibus
773 2074 898 2103 notum
923 2081 995 2103 esse
1021 2074 1183 2112 putarem
1207 2072 1273 2103 nisi
1298 2071 1415 2112 Fayus
1442 2070 1655 2108 ‘stimulos’,

117 2124 306 2165 Pingraeus
331 2122 338 2135 ‘
355 2123 527 2155 vivacite’
553 2123 805 2163 interpretatus
828 2126 918 2154 esset
1008 2123 1072 2154 242
1117 2124 1179 2154 291
1212 2126 1241 2154 et
1268 2123 1384 2154 celeres
1412 2126 1531 2160 motus,
1562 2131 1585 2154 v
1615 2123 1657 2155 63

115 2175 318 2207 indelassato
338 2174 557 2214 properantia
579 2175 677 2206 corda
700 2175 812 2214 uiqore
902 2174 1054 2205 243-258
1078 2174 1307 2215 Capricornus
1330 2177 1371 2205 ut
1394 2174 1521 2206 Vestae
1544 2174 1657 2206 tutela

115 2229 208 2259 artes
228 2226 361 2258 tribuet
380 2236 469 2267 quae
490 2226 577 2267 ignis
598 2236 662 2267 ope
683 2225 862 2266 indigeant
881 2225 1055 2266 facietque
1077 2225 1279 2263 metallico&
1300 2225 1518 2263 conflatores,
1539 2225 1659 2258 fabros

115 2279 329 2321 argentarios
356 2278 509 2309 aurarios
535 2277 694 2308 ferrarios
721 2277 881 2314 aerarios,
908 2276 1100 2308 furnariam
1126 2280 1348 2314 exercentes5
1375 2276 1468 2309 idem
1495 2280 1535 2309 ut
1561 2277 1657 2309 sidus

118 2329 273 2362 brumale
297 2329 501 2366 uestiarios3
538 2331 718 2370 praeterea
741 2329 824 2359 anni
857 2329 1045 2359 mutationi
1069 2331 1105 2359 et
1137 2327 1267 2369 duplici
1291 2339 1373 2360 suae
1406 2332 1552 2360 naturae
1577 2339 1656 2360 con-

116 2381 296 2413 uenienter
317 2381 556 2411 inconstantes
579 2380 708 2420 quique
732 2380 874 2410 iuuenes
898 2380 992 2410 uitiis
1014 2379 1219 2420 indulgeant
1242 2389 1331 2420 quae
1355 2390 1452 2411 senes
1475 2380 1656 2412 omittant.

117 2432 212 2463 Vett.
230 2431 305 2463 Val.
320 2441 353 2472 p.
375 2432 413 2463 ll
435 2432 519 2462 14-'7
546 2432 755 2472 ἑτερότροποι,
776 2454 784 2461 .
803 2454 811 2461 .
830 2454 838 2461 .
858 2432 1091 2469 εὐμετανόητοι,
1112 2429 1231 2461 Ludw.
1248 2430 1389 2462 Maxim.
1409 2441 1442 2472 p.
1464 2431 1527 2463 110
1547 2432 1586 2462 13
1604 2441 1654 2472 sq.

117 2486 158 2515 τὰ.
193 2485 227 2514 δὲ
257 2485 389 2523 τροπικὰ
418 2484 578 2519 ἀστάτων,
609 2483 782 2523 ἀβεβαίων,
814 2483 1059 2522 εὐμεταβλήτων
1085 2483 1223 2522 τρόπουσ
1252 2483 1455 2521 (σημαίνειν),
1491 2481 1655 2514 C.C.A.G.

117 2543 141 2566 V
157 2535 168 2566 i
185 2544 218 2576 p.
241 2534 302 2565 187
328 2534 368 2565 10
386 2535 402 2565 ὁ
419 2535 452 2565 δὲ
477 2535 662 2574 Αἰγόκερωσ
683 2535 829 2573 κούφοισ,
859 2535 1141 2571 ὃυσκαταλήπτοισ
1162 2534 1330 2573 (ἁρμόζει),
1360 2541 1414 2565 VII
1431 2544 1464 2574 p.
1485 2533 1548 2564 200
1567 2533 1586 2564 8
1602 2543 1654 2574 sq.

118 2589 187 2618 ἔστι
215 2587 248 2617 δὲ
270 2587 322 2617 καὶ
349 2587 492 2625 ἀσελγὲο-
512 2587 565 2617 καὶ
585 2586 803 2626 αἰσχροποιόν,
828 2584 932 2615 Firm.
960 2593 983 2615 v
1007 2593 1020 2615 I
1044 2585 1086 2616 26
1109 2584 1142 2615 si
1165 2583 1364 2624 horoscopus
1389 2584 1427 2616 in
1452 2584 1658 2624 Capricorno

112 2637 221 2678 fuerit
244 2636 438 2672 inuentus„
460 2659 467 2667 .
487 2659 494 2667 .
514 2635 574 2666 eric
606 2635 822 2667 muliebribus
856 2634 1055 2667 libidinibus
1087 2634 1251 2675 obliqatus
1284 2638 1312 2666 et
1344 2635 1403 2675 qui
1435 2634 1495 2666 kas
1528 2635 1657 2667 easdem

117 2688 272 2720 mulieres
300 2686 436 2726 expletis
472 2686 670 2718 libidinibus
697 2687 888 2726 uituperare
915 2686 1097 2718 contendat.
1148 2686 1243 2727 quod
1271 2685 1446 2718 Breiterus
1474 2685 1659 2728 adscripsit

117 2738 282 2772 C.C.A.G.
310 2747 333 2769 V
361 2739 367 2768 i
389 2748 422 2779 p.
453 2737 514 2769 187
538 2739 581 2770 23
605 2739 644 2769 τὰ
670 2740 798 2778 πυρώδη
824 2740 896 2769 τοῖσ
921 2740 971 2769 διὰ
997 2740 1099 2778 πυρὸσ
1120 2739 1322 2777 (ἐπιτήδεια),
1348 2737 1524 2769 nesciebat
1552 2736 1657 2769 homo

115 2794 298 2835 imperitus
331 2795 371 2824 τὰ
404 2793 531 2832 πυρώδη
559 2802 631 2823 esse
663 2797 704 2827 <w
732 2793 774 2832 Sl,
800 2791 840 2833 ‡.
871 2791 1118 2833 Capricornum
1144 2794 1267 2832 ’γεῶδεσ
1295 2801 1368 2823 esse
1467 2792 1530 2823 243
1557 2797 1659 2824 uesta

116 2849 198 2877 tuos
238 2844 301 2877 GL²
339 2843 414 2876 cod.
449 2843 613 2881 Venetus,
652 2849 776 2877 uastat
813 2854 875 2877 uos
912 2847 946 2880 L,
986 2848 1100 2876 restat
1136 2853 1199 2876 uos
1236 2846 1280 2875 Μ.
1338 2851 1367 2874 11
1406 2844 1472 2875 445
1514 2846 1659 2884 angusta>
