1872 3183
567 151 1054 196 ASTRONOMICON
1084 151 1150 193 IV
1577 154 1630 192 85

258 276 334 304 nec
353 262 498 318 procul
516 262 560 303 in
579 261 714 303 mollis
733 261 896 303 Arabas
915 265 1156 315 terramque
1175 259 1380 302 ferentem

133 343 203 375 655
258 336 426 378 delicias
444 336 670 391 uariaeque
689 350 822 377 nouos
842 335 993 377 radicis
1012 334 1161 376 odores

257 410 405 452 leniter
424 410 623 451 adfundit
641 410 900 465 gemmantia
919 409 1043 451 litora
1062 413 1233 463 pontus,

259 489 303 525 et
320 489 456 526 terrae
475 498 590 525 mare
609 498 763 525 nomen
782 483 924 525 habet.
982 482 1121 524 media
1139 482 1211 523 illa
1230 481 1408 523 duobus.

317 559 340 584 21<
575 559 598 583 ,ιε
832 558 854 582 ³1<
1088 557 1111 582 a<
1344 556 1366 581 21<

259 631 475 688 quondam
494 631 704 686 Carthago
724 645 899 686 regnum
918 630 1069 672 sortita
1089 630 1167 671 sub
1188 630 1327 678 armis,

258 706 424 761 ignibus
442 705 618 761 Alpinas
636 720 734 748 cum
752 704 949 747 contudit
967 704 1186 746 Hannibal
1204 718 1320 745 arces

133 788 202 819 660
258 781 358 822 fecit
377 785 420 822 et
439 785 658 822 aeternum
678 779 874 821 Trebiam
892 779 1142 834 Cannasque
1161 778 1359 833 sepulcris

97 910 204 942 quam
228 901 367 933 Arabici
391 901 495 932 latius
520 904 584 937 est,
610 901 721 932 latum
744 910 814 931 non
839 902 892 931 est
916 900 982 931 nisi
1007 909 1050 930 ex
1075 899 1334 940 comparatione
1360 898 1520 930 alterius:
1557 899 1630 939 ipse

96 952 190 984 latus
214 953 308 984 sinus
332 955 385 984 est
408 955 444 984 et
468 952 601 983 formae
626 951 847 983 orbiculatae.
896 950 1078 992 Agathem.
1104 951 1143 982 12
1168 949 1296 990 (Muell.
1323 960 1434 991 geogr.
1462 949 1519 981 Gr.
1547 950 1630 981 min.

99 1013 128 1036 ΙΙ
156 1014 189 1046 p.
220 1005 298 1044 474)
327 1007 346 1043 ἡ
375 1007 409 1036 δὲ
437 1006 576 1045 Περσικὴ
604 1005 755 1035 θάλασσα
782 1006 1005 1044 κυκλοτερὴσ
1030 1005 1119 1041 οὖσα,
1146 1004 1330 1042 συνάγουσα
1355 1004 1391 1033 τὸ
1418 1004 1522 1039 στόμα
1549 1003 1633 1042 ἄκρῳ

99 1058 291 1097 Καρμανίασ
315 1058 365 1087 καὶ
387 1056 548 1096 Ἀραβίας,
576 1057 761 1095 περίμετρον
784 1057 850 1094 ἔχει
873 1056 1028 1094 μυριάδων
1053 1055 1106 1085 δύο
1131 1055 1283 1085 σταδίων·
1307 1056 1375 1084 ἔστι
1402 1055 1435 1084 δὲ
1458 1054 1494 1084 τὸ
1517 1055 1635 1091 μεταξὺ

97 1109 201 1147 στόμα
218 1108 376 1149 Ἀραβίασ
400 1110 453 1139 καὶ
473 1109 663 1148 Καρμανίασ
682 1109 818 1138 σταδίων
836 1106 874 1144 υ’,
893 1105 1007 1138 Strab.
1026 1114 1055 1136 Π
1071 1115 1104 1146 p.
1126 1105 1185 1136 121
1203 1107 1350 1136 ἄπαντεσ
1367 1105 1394 1136 δ’
1412 1107 1439 1136 οἱ
1456 1106 1634 1144 λεχθέντεσ

97 1161 212 1192 κόλποι
235 1162 299 1191 ἀπὸ
322 1162 384 1198 τῆσ
408 1162 466 1198 ἕξω
483 1160 654 1197 θαλάσσησ
671 1160 782 1190 στενὸν
800 1160 908 1198 ἔχουσι
925 1160 980 1189 τὸν
1001 1159 1164 1196 εἴσπλουν,
1183 1159 1307 1195 μᾶλλον
1324 1159 1380 1195 μὲν
1397 1159 1413 1188 ὅ
1428 1170 1463 1188 τε
1480 1157 1635 1197 Ἀράβιοσ

96 1213 149 1243 καὶ
173 1212 188 1242 ὁ
212 1213 294 1242 κατὰ
317 1212 463 1249 Στήλασ,
483 1213 577 1248 ἧττον
603 1210 629 1241 δ’
651 1212 678 1241 οἱ
701 1211 819 1246 λοιποί,
837 1217 886 1240 XV
903 1219 935 1250 p.
955 1209 1018 1240 727
1036 1210 1072 1239 τὸ
1095 1210 1128 1239 δὲ
1148 1210 1251 1245 στόμα
1267 1210 1323 1239 τοῦ
1340 1210 1496 1248 Περσικοῦ
1514 1209 1634 1239 κόλπου

98 1264 133 1294 οὐ
159 1264 263 1301 μεῖζον
288 1264 461 1302 διάρματοο·
485 1263 668 1302 ἡμερησίου,
689 1260 765 1291 Mel.
794 1269 837 1291 111
860 1260 901 1291 73
924 1269 974 1300 sq.
999 1259 1155 1291 Persicus
1173 1259 1296 1300 (sinus)
1314 1269 1380 1299 qua
1406 1269 1494 1290 mare
1513 1258 1636 1298 accipit

98 1313 263 1354 utrimque
306 1312 401 1344 rectis
445 1311 601 1344 lateribus
648 1311 770 1351 arande
812 1311 934 1342 ostium
982 1311 1081 1350 quasi
1121 1310 1246 1341 ceruice
1291 1310 1514 1350 conplectitur,
1557 1309 1635 1341 dein

99 1365 194 1395 terris
226 1364 264 1395 in
296 1374 425 1395 omnem
455 1366 585 1404 partem
618 1366 709 1394 uaste
743 1365 771 1394 et
800 1372 905 1402 aequa
934 1362 1087 1402 portione
1121 1360 1308 1392 cedentibus
1336 1371 1470 1401 maqno
1499 1361 1633 1392 litorum

98 1415 182 1447 orbe
217 1416 354 1456 pelayus
382 1415 556 1454 incinqens
586 1414 691 1445 reddit
713 1413 861 1454 formam
891 1413 1013 1453 capitis
1042 1412 1194 1443 humani.
1243 1411 1382 1443 Arabici
1410 1415 1438 1443 et
1463 1422 1500 1443 os
1527 1412 1636 1443 artius

99 1471 128 1499 et
171 1467 309 1499 latitudo
353 1467 463 1497 minor
506 1470 562 1503 est,
606 1466 714 1496 maior
757 1465 928 1505 aliquanto
971 1474 1115 1495 recessus
1168 1466 1196 1495 et
1241 1463 1344 1495 multo
1387 1464 1494 1503 maqis
1536 1463 1636 1503 lonya

98 1519 211 1550 latera.
260 1521 341 1549 ante
369 1517 566 1549 Bentleium
593 1516 762 1547 edebatur
789 1515 860 1547 orbi
887 1526 928 1546 ex
956 1515 1056 1546 codd.
1086 1525 1195 1546 rece:
1222 1514 1296 1546 orbe
1318 1515 1447 1556 recepit
1469 1514 1633 1546 Weberus

98 1571 135 1601 in
176 1579 268 1611 corp.
313 1571 405 1610 poet.
451 1568 526 1599 Lat.
619 1568 682 1598 656
724 1571 941 1606 gemmantia
979 1570 1015 1603 G,
1054 1569 1274 1604 gemmantia
1311 1569 1387 1597 LM:
1438 1566 1502 1597 806
1542 1565 1635 1596 rubri

99 1621 272 1653 radiantia
311 1621 410 1652 litora
448 1620 556 1660 ponti.
614 1622 769 1650 ceterum
810 1628 899 1649 noue
941 1620 1069 1659 pontus
1109 1627 1179 1648 non
1220 1620 1331 1648 terrae
1372 1616 1417 1648 ad
1462 1620 1635 1648 terramue

99 1682 208 1714 aquas
244 1671 304 1703 sed
341 1672 378 1702 in
416 1674 544 1702 terram
582 1670 685 1701 litora
725 1669 915 1700 adfundere
949 1668 1086 1705 dicitur,
1120 1678 1229 1709 eaque
1262 1668 1409 1706 leniter3
1452 1671 1491 1699 ut
1525 1678 1634 1709 paene

100 1723 252 1764 suspicer
283 1722 502 1754 scribendum
535 1731 593 1752 nec
629 1721 748 1761 procul
788 1720 876 1751 hinc
915 1720 1026 1751 mollis
1058 1718 1211 1750 Arabas.
1229 1743 1236 1750 .
1254 1719 1436 1760 ,adfundit
1469 1719 1549 1759 (hoc
1581 1723 1634 1750 est

99 1774 221 1812 adluit,
255 1777 296 1805 ut
329 1773 415 1805 Plin.
452 1773 522 1804 n.h.
566 1781 609 1803 111
647 1773 689 1803 24
728 1772 860 1803 colonia
876 1795 883 1802 .
903 1795 910 1802 .
930 1795 937 1802 .
957 1781 1054 1802 amne
1092 1770 1216 1802 Hibero
1255 1770 1390 1811 adfusa)
1429 1772 1635 1810 yemrnanti

98 1827 209 1858 litore
225 1826 306 1866 (abl.
325 1825 433 1866 qual.)
446 1827 570 1865 pontus
660 1824 721 1855 657
738 1823 848 1855 media
863 1823 923 1854 illa
937 1822 1074 1859 duobuS,
1091 1822 1192 1853 Dion.
1210 1823 1334 1863 perieg.
1353 1823 1462 1854 927-9
1475 1824 1634 1862 ὀλβίστων

99 1878 244 1918 Ἀράβων
259 1901 266 1908 .
282 1901 289 1907 .
306 1900 313 1908 .
330 1879 383 1908 αἶα
397 1899 403 1906 .
419 1900 426 1906 .
443 1899 449 1906 .
465 1875 559 1915 δισσῇ
576 1877 734 1914 ζωσθεῖσα
752 1877 912 1914 θαλάσσῃ,
935 1872 939 1917 Ι
957 1876 1089 1915 Περσίδι
1105 1874 1133 1904 τ’
1148 1875 1282 1914 Ἀραβίῃ
1295 1887 1330 1905 τε
1421 1874 1511 1904 inter
1522 1874 1584 1905 657
1600 1876 1636 1904 et

97 1929 160 1960 658
173 1928 288 1960 deesse
300 1938 437 1959 uersum
449 1926 579 1968 Libyae
590 1936 718 1957 nomen
729 1926 966 1957 continentem
977 1924 1126 1965 Scaliger
1137 1924 1237 1962 dixit,
1251 1924 1367 1966 plures
1378 1925 1516 1966 periisse
1527 1926 1634 1956 sensit

99 1980 227 2022 Fayus,
241 1980 276 2011 in
290 1979 416 2020 quibus
430 1978 616 2019 Pingraeus
631 1977 697 2008 uol.
713 1986 741 2008 11
755 1987 786 2018 p.
803 1977 866 2008 323
879 1976 970 2007 orbis
985 1979 1155 2007 terrarum
1169 1977 1205 2007 in
1216 1979 1285 2007 tres
1299 1978 1415 2017 partes
1429 1976 1633 2008 diuisionem

100 2031 267 2064 traditam
280 2041 353 2062 esse
366 2029 538 2061 intellexit
549 2031 585 2060 et
597 2028 727 2070 Libyae
742 2028 1007 2069 descriptionem
1021 2027 1232 2059 incohatam.
1281 2028 1328 2059 sic
1341 2027 1467 2059 Strabo
1481 2036 1509 2058 11
1522 2037 1554 2068 p.
1571 2028 1629 2059 121

99 2085 180 2124 post
190 2084 409 2114 enumeratos
420 2083 588 2122 quattuor
598 2080 727 2112 Oceani
738 2080 831 2111 Sinus
843 2081 862 2118 ὴ
874 2081 907 2110 δὲ
919 2081 1139 2119 περικλείουσα
1153 2081 1271 2110 αὐτοὺσ
1286 2081 1331 2119 ’γῆ
1346 2078 1441 2119 τριχῇ
1453 2080 1631 2117 νενέμηται.

99 2137 169 2166 tres
191 2136 300 2165 terras
323 2132 444 2164 eodem
467 2131 596 2168 ordine,
615 2131 763 2172 Libyam
786 2130 904 2161 Asiam
928 2130 1119 2171 Europam,
1140 2132 1293 2161 recenset
1315 2129 1405 2160 Mela
1427 2138 1441 2160 1
1463 2130 1559 2161 25—11
1575 2130 1630 2167 96,

97 2186 234 2217 inuerso
266 2185 413 2226 scriptor
444 2187 515 2224 περὶ
547 2185 664 2221 κόσμου
698 2193 730 2223 p.
760 2182 842 2213 393¹>
877 2182 983 2213 23-31
1018 2184 1054 2212 et
1086 2180 1212 2212 Strabo
1245 2189 1274 2212 Π
1305 2191 1362 2222 pp.
1397 2181 1536 2218 126-30,
1565 2180 1633 2212 alio

99 2237 231 2269 Plinius
256 2236 325 2267 n.h.
354 2244 398 2267 111
423 2236 490 2266 5—V
519 2235 592 2271 197,
610 2243 726 2265 rursus
754 2233 820 2264 alio
848 2232 1035 2273 Dionysius
1064 2232 1247 2268 174-1165‚
1275 2231 1341 2262 alio
1368 2231 1516 2272 denique
1542 2231 1634 2263 Mela

99 2298 113 2320 1
132 2288 231 2325 9-23,
252 2290 292 2318 ut
311 2286 440 2318 nemini
459 2285 605 2317 dubium
624 2295 696 2316 esse
716 2284 824 2325 possit
845 2284 929 2324 quin
949 2293 1067 2314 omnes
1082 2293 1189 2314 unum
1210 2282 1433 2314 Posidonium
1453 2285 1630 2315 auctorem

99 2340 209 2371 secuti
243 2339 313 2370 sint
403 2337 465 2368 658
502 2338 567 2368 599
602 2346 740 2376 maynae
774 2335 941 2375 quondam
976 2334 1190 2374 Carthaqinis
1219 2343 1309 2365 arces
1397 2334 1461 2365 659
1489 2338 1631 2372 alpinas

97 2394 144 2428 M,
165 2394 303 2423 albinas
323 2393 347 2421 L
368 2388 442 2420 cod.
462 2387 626 2424 Venetus,
648 2391 795 2419 albanas
817 2386 879 2418 GL'2
969 2395 1047 2418 cum
1069 2388 1230 2417 contudit
1251 2385 1325 2422 GU,
1345 2388 1531 2418 contundit
1552 2395 1631 2418 oum

97 2445 156 2474 ΒΜ
246 2440 395 2481 Alpinas
426 2439 486 2480 qui
516 2440 647 2480 primus
678 2438 807 2479 recepit
839 2436 1015 2468 Bentleius
1046 2446 1136 2467 arces
1169 2446 1349 2477 perperam
1380 2437 1630 2477 interpretatus

97 2496 151 2525 est
173 2491 298 2524 collato
324 2491 408 2522 Hor.
432 2501 536 2521 carm.
559 2499 597 2521 IV
620 2492 661 2521 14
688 2491 724 2520 11
748 2499 797 2530 sq.
819 2498 908 2519 arces
929 2486 934 2531 Ι
953 2487 1099 2528 Alpibus
1115 2487 1310 2528 impositas:
1337 2490 1428 2519 recte
1446 2487 1632 2529 Kempfius

99 2544 186 2576 thes.
207 2543 288 2584 ling.
309 2542 385 2574 Lat.
410 2551 438 2573 11
456 2552 488 2583 p.
511 2542 572 2573 741
594 2541 685 2572 hunc
705 2550 843 2571 uersum
862 2539 1058 2580 composuit
1077 2549 1156 2570 cum
1179 2538 1380 2579 Vergilianis
1398 2548 1510 2580 georg.
1532 2548 1546 2571 1
1564 2539 1630 2571 240

101 2595 273 2636 Riphaeas
289 2618 297 2625 .
315 2617 323 2625 .
343 2617 350 2624 .
369 2602 459 2624 arces
481 2595 518 2624 et
540 2601 578 2624 Ν
600 2593 662 2624 461
690 2591 900 2631 Rhodopeiae
922 2600 1020 2622 arces:
1069 2590 1142 2621 Liu.
1168 2598 1234 2621 XXI
1255 2590 1296 2622 37
1320 2590 1340 2620 2
1362 2599 1412 2630 sq.
1432 2592 1553 2622 struem
1575 2590 1627 2621 in-

98 2650 224 2688 qentem
252 2645 419 2685 liquorum
439 2643 575 2685 faciunt
603 2653 737 2683 eamque
754 2666 761 2674 .
782 2666 789 2673 .
809 2666 816 2673 .
835 2641 1038 2673 succendunt
1058 2641 1272 2681 ardentiaque
1295 2650 1378 2672 sacca
1400 2640 1513 2682 infuso
1540 2645 1630 2673 aceto

96 2697 333 2740 putrefaciunt.
381 2696 430 2727 ita
451 2695 610 2727 torridam
632 2693 786 2726 incendio
807 2703 923 2734 rupem
939 2693 1031 2734 ferro
1051 2692 1218 2733 pandunt,
1240 2692 1328 2734 App.
1355 2691 1430 2724 bell.
1457 2692 1571 2724 Hann.
1595 2694 1628 2730 4,

99 2750 213 2782 Amm.
240 2757 289 2780 xv
318 2748 358 2779 10
387 2747 438 2784 11,
459 2746 553 2779 Seru.
582 2745 666 2777 Aen.
693 2754 718 2777 x
746 2746 786 2777 13
813 2745 918 2785 Alpes
934 2768 941 2775 .
961 2768 968 2776 .
988 2768 995 2776 .
1014 2754 1097 2785 quas
1121 2743 1324 2775 Hannibal.
1343 2767 1351 2775 .
1371 2767 1378 2775 .
1397 2746 1472 2775 ante
1498 2748 1630 2776 exustas

99 2804 186 2832 aceto
208 2799 322 2841 infuso
344 2798 436 2838 rupit
524 2797 588 2828 660
610 2801 794 2829 aeternum
814 2795 1001 2833 Bentleius,
1025 2800 1208 2827 aeternam
1231 2799 1325 2832 GLM,
1353 2797 1532 2828 aeternans
1554 2795 1629 2827 cod.

100 2852 253 2884 Venetus
343 2852 494 2883 trebiam
518 2853 550 2880 M
575 2859 617 2879 ex
641 2858 738 2885 corr„
757 2851 901 2880 zribiam
924 2851 973 2879 GL
995 2850 1031 2879 et
1054 2850 1134 2879 ante
1158 2857 1242 2878 corr.
1269 2850 1303 2878 M
1397 2845 1551 2879 Trebiam
1575 2850 1630 2879 τὸν
