1872 3183
622 772 688 819 M.
738 771 1044 819 MANILH

402 897 1268 963 ASTRONOMIOON

605 1042 768 1082 LIBER
814 1042 1067 1091 QVARTVS

234 1206 349 1256 QVID
368 1210 460 1247 tam
480 1205 666 1247 sollicitis
685 1206 821 1248 uitam
840 1206 1125 1248 consumimus
1145 1206 1266 1248 annis

232 1285 563 1335 torquemurque
583 1285 701 1321 metu
719 1294 927 1335 caecaque
946 1280 1143 1336 cupidine
1161 1295 1301 1322 rerum

234 1356 501 1409 aeternisque
522 1368 641 1396 senes
662 1354 786 1403 curis,
809 1354 912 1396 dum
933 1356 1188 1410 quaerimus,
1212 1369 1366 1397 aeuum

234 1428 448 1483 perdimus
472 1433 515 1470 et
536 1428 652 1470 nullo
670 1433 871 1471 uotorum
891 1428 973 1470 fine
995 1428 1110 1471 beati

155 1511 176 1541 5
232 1502 418 1543 uicturos
438 1501 601 1556 agimus
620 1516 783 1557 semper
802 1516 877 1543 neo
897 1502 1080 1544 uiuimus
1100 1517 1317 1558 umquam,

231 1576 538 1631 pauperiorque
558 1576 678 1617 bonis
698 1576 875 1631 quisque
895 1582 972 1626 est,
994 1577 1094 1632 quia
1113 1577 1234 1632 plura
1254 1577 1430 1632 requirit

140 1698 245 1728 1-118
259 1698 475 1738 prooemium
569 1698 653 1729 1—22
668 1697 800 1729 frustra
816 1697 973 1730 homines
990 1708 1050 1740 spe
1067 1701 1163 1730 metu
1180 1699 1270 1730 euris
1286 1698 1379 1730 uotis
1403 1708 1438 1730 se
1455 1698 1619 1735 cruciare,

71 1761 151 1783 oum
174 1750 292 1782 omnia
311 1749 388 1782 fato
409 1753 575 1792 regantur
667 1750 683 1780 1
705 1750 796 1791 quid.
844 1760 915 1781 non
936 1759 1078 1781 causam
1100 1750 1248 1791 quaerit,
1271 1760 1361 1791 quae
1381 1750 1418 1781 in
1439 1749 1621 1781 hominum

72 1805 199 1835 natura
220 1802 336 1844 posita
356 1804 421 1840 est,
444 1801 504 1834 sed
525 1802 708 1839 rationem,
731 1812 838 1843 quam
859 1802 991 1833 nullam
1008 1811 1083 1834 esse
1100 1802 1273 1844 significat
1363 1802 1383 1833 3
1404 1812 1498 1833 senes
1518 1802 1622 1839 curi-s,

74 1855 158 1886 Hor.
173 1855 274 1896 epist.
290 1862 303 1885 1
316 1855 335 1885 7
350 1854 392 1885 85
405 1863 516 1885 amore
526 1854 665 1885 senescit
676 1853 830 1892 habendi,
843 1862 872 1885 11
884 1854 904 1885 2
918 1854 960 1885 82
973 1863 1022 1895 sq.
1037 1854 1250 1895 insenuitque
1270 1852 1276 1897 Ι
1295 1853 1391 1886 libris
1403 1857 1432 1885 et
1443 1854 1534 1885 curis

118 1906 198 1937 dum
219 1905 423 1946 quaerimus,
449 1904 659 1946 quaerendo,
680 1914 709 1936 11
727 1906 746 1937 7
767 1915 817 1946 sq.
835 1905 986 1946 patriam
1003 1929 1010 1936 .
1030 1929 1038 1937 .
1057 1929 1079 1942 .‚
1098 1905 1179 1937 dum
1203 1904 1312 1942 dabat,
1343 1905 1478 1946 eripuit,
1506 1904 1621 1936 Plaut.

74 1955 198 1988 Pseud.
230 1957 295 1988 685
321 1959 407 1988 certa
433 1956 609 1994 mittimus,
636 1957 716 1988 dum
741 1956 868 1988 incerta
889 1956 1047 1998 petimus.
1096 1956 1172 1989 Sen.
1201 1956 1281 1988 djal.
1307 1965 1332 1988 x
1359 1957 1379 1989 9
1407 1957 1422 1988 1
1451 1956 1625 1997 operosius

75 2007 229 2049 occupati
254 2009 343 2046 suut,
370 2009 406 2038 ut
431 2007 552 2039 melius
574 2008 708 2048 possint
732 2008 847 2039 uiuere
863 2017 875 2044 ,·
912 2008 1075 2048 inpendio
1100 2008 1191 2040 uitae
1215 2008 1323 2040 uitam
1347 2008 1520 2039 instruunt

118 2059 140 2088 4
164 2058 299 2090 nullum
323 2058 424 2090 nobis
449 2061 614 2090 uotorum
640 2058 744 2090 finem
769 2062 1015 2100 proponentes,
1041 2069 1111 2100 quo
1129 2069 1209 2090 oum
1233 2059 1504 2101 peruenerimus,
1529 2058 1624 2090 beati

74 2111 191 2142 simus.
222 2110 308 2142 Hor.
321 2111 421 2152 epist.
436 2119 450 2142 1
462 2111 481 2141 2
494 2111 536 2142 56
548 2120 676 2152 semper
686 2120 814 2142 auarus
826 2114 909 2151 eqet,·
923 2113 1046 2142 certum
1055 2113 1131 2142 uoto
1138 2113 1213 2151 pete
1219 2110 1336 2152 finem,
1349 2110 1479 2142 Luor.v
1493 2110 1623 2142 1430-3

75 2172 146 2202 erqo
171 2161 346 2194 hominum
369 2171 474 2202 yeuus
497 2162 670 2194 incassum
687 2162 881 2204 frustraque
905 2162 1031 2194 laborat
1050 2161 1056 2204 1
1076 2171 1204 2202 semper
1229 2164 1257 2193 et
1281 2162 1319 2194 iu
1342 2161 1434 2193 curis
1457 2161 1624 2193 consumit

75 2212 236 2246 inanibus
258 2222 386 2251 aeuom,
409 2211 415 2256 Ι
434 2213 600 2246 nimirum
620 2214 703 2254 quia
725 2224 793 2245 uon
807 2213 960 2254 coqnouit
981 2222 1065 2254 quae
1082 2213 1126 2243 sit
1143 2212 1286 2244 habendi
1306 2211 1312 2255 1
1325 2212 1412 2254 fluis
1435 2215 1463 2243 et
1484 2211 1622 2243 omuino

73 2264 182 2303 quoad
202 2266 323 2296 crescat
341 2274 422 2295 uera
439 2264 597 2305 uoluptas
687 2265 706 2296 5
724 2265 857 2305 aqimus
875 2268 915 2296 ut
934 2264 1018 2295 Hor.
1035 2273 1134 2295 serm.
1151 2272 1179 2295 11
1198 2264 1217 2295 6
1239 2265 1298 2295 111
1319 2264 1388 2304 aqu
1406 2263 1528 2295 laetum
1545 2273 1621 2295 con-

74 2315 203 2347 uiuam.
253 2315 330 2348 Sen.
343 2325 396 2356 ep.
413 2316 452 2347 13
466 2316 506 2347 16
523 2315 609 2347 inter
621 2317 725 2347 cetera
741 2316 832 2348 mala
848 2316 905 2347 hoc
921 2325 1048 2356 quoque
1064 2315 1157 2346 habet
1172 2315 1316 2346 stultitia
1331 2325 1341 2345 :
1359 2325 1487 2355 semper
1499 2315 1623 2356 incipit

76 2367 200 2404 uiuere,
215 2376 322 2407 quam
335 2366 477 2408 Epicuri
492 2377 612 2398 uocem
631 2366 727 2404 dicit,
742 2368 784 2399 23
803 2368 824 2399 9
841 2367 927 2398 male
944 2367 1069 2398 uiuunt
1085 2366 1144 2407 qui
1161 2376 1290 2407 semper
1306 2365 1421 2398 uiuere
1438 2366 1624 2407 incipiunt,

74 2417 177 2449 Mart.
194 2426 208 2449 1
224 2419 264 2449 15
281 2419 318 2449 11
332 2427 382 2459 sq.
396 2428 465 2450 non
479 2421 535 2456 est,
549 2418 641 2450 crede
655 2418 750 2456 mihi,
763 2418 928 2459 sapientis
945 2418 1051 2450 dicere
1071 2417 1078 2430 ‘
1093 2417 1213 2449 uiuam
1225 2417 1244 2449 ².
1269 2416 1274 2460 Ι
1293 2427 1367 2449 sera
1377 2418 1482 2449 nimis
1493 2418 1566 2449 uita
1578 2420 1626 2449 est

75 2469 224 2500 crastina
242 2477 253 2499 .·
279 2469 360 2501 uiue
373 2469 479 2508 hodie,
499 2479 522 2502 v
540 2471 582 2502 58
600 2480 674 2501 cras
690 2473 719 2502 te
735 2470 916 2507 uicturum,
934 2479 1007 2500 cras
1024 2468 1120 2506 dicis,
1138 2469 1306 2507 Postume,
1325 2479 1453 2510 semper
1469 2492 1477 2500 .
1496 2493 1504 2500 .
1523 2493 1531 2500 .
1550 2478 1625 2500 cra-s

77 2520 173 2551 uiues
188 2521 203 2551 ,Ρ
228 2519 324 2552 hodie
349 2520 420 2552 iam
445 2521 571 2559 uiuere,
599 2521 766 2559 Postume,
794 2531 904 2553 serum
931 2523 976 2551 est
995 2529 1006 2550 .·
1027 2519 1032 2563 Ι
1052 2520 1108 2552 ille
1133 2520 1234 2561 sapit,
1261 2519 1425 2561 quisquis,
1452 2520 1621 2559 Postume,

78 2570 164 2603 uixit
182 2570 262 2602 heri.
311 2569 507 2610 Stoebmrus,
525 2573 591 2604 nisi
608 2572 698 2605 forte
716 2572 957 2605 Vierschrotus
973 2571 1053 2609 fuit,
1072 2571 1187 2603 adfert
1203 2570 1470 2604 Tarentinorum
1488 2571 1622 2603 dietum

73 2621 200 2654 Athen.
244 2622 306 2653 166
318 2630 339 2653 Β·
378 2625 455 2654 τοὺσ
486 2625 542 2661 μὲν
573 2625 696 2655 ἄλλουσ
726 2623 914 2664 ἆνθρώπουσ
948 2624 998 2654 διὰ,
1025 2624 1062 2654 τὸ
1093 2624 1337 2661 φιλοπονεῖσθαι
1369 2625 1420 2654 καὶ
1451 2625 1523 2663 περὶ
1561 2625 1625 2655 τάσ-

73 2672 233 2714 ἐρΎασίασ
280 2675 449 2714 διατρίβειν
487 2677 787 2716 παρασκευάζεσθαι
827 2677 896 2715 ζῆν,
930 2676 1047 2706 αὐτοὺσ
1089 2676 1122 2705 δέ
1169 2675 1220 2705 διὰ
1257 2676 1320 2705 τὰσ
1362 2676 1535 2706 συνουσιάσ
1573 2677 1624 2707 καὶ

74 2726 137 2755 τὰσ
167 2724 286 2762 ἠδόνασ
317 2727 352 2756 οὐ
382 2726 511 2762 μέλλειν
542 2725 616 2758 ἀλλ’
650 2728 710 2765 ἤδη
741 2728 855 2767 βιῶναι
946 2725 966 2756 6
990 2727 1090 2757 bonis
1116 2725 1190 2763 GL2,
1216 2729 1327 2757 bonus
1350 2728 1408 2757 LM
1498 2728 1583 2764 quia
1593 2726 1623 2764 *‚

77 2777 138 2813 qui
171 2778 265 2813 GLM,
290 2785 354 2816 quo
379 2775 454 2808 cod.
482 2776 571 2809 Flor.
599 2780 635 2809 et
660 2787 769 2818 usque
795 2787 816 2808 a
842 2776 1013 2818 Scaligero
1044 2775 1205 2814 editores,
1232 2776 1292 2817 qui
1314 2776 1500 2817 pauperior
1525 2776 1623 2809 bouis

79 2827 356 2868 interpretantur
365 2829 550 2869 pauperior
561 2829 729 2860 bonorum.
779 2831 817 2860 at
828 2838 898 2860 non
911 2830 1029 2870 potest
1041 2828 1159 2869 quaeri
1172 2828 1268 2868 quid,
1282 2828 1342 2869 qui
1353 2827 1454 2869 plura
1465 2829 1622 2869 requirit,

75 2878 262 2919 pauperior
283 2878 339 2916 sit,
362 2888 474 2920 neque
496 2879 606 2922 magis
628 2880 713 2921 quid
735 2880 881 2921 quisque
903 2889 944 2911 eo
966 2880 1150 2922 pauperior
1172 2880 1217 2911 sit
1239 2889 1309 2921 quo
1330 2879 1476 2921 requirit
1496 2880 1622 2922 plura;

841 2942 864 2964 A
