1872 3183
243 144 323 182 102
831 140 892 182 Μ.
925 140 1177 182 MANILII

401 252 546 293 Ioniae
568 266 736 307 quoque
757 257 857 293 sunt
876 251 1000 293 urbes
1020 256 1063 292 et
1082 251 1237 293 Dorica
1256 265 1366 301 rura,

401 326 585 367 Arcades
605 326 771 381 antiqui
790 325 1086 380 celebrataque
1106 326 1227 367 Caria
1245 326 1373 366 fama.

402 400 517 455 quod
535 400 678 456 potius
697 400 811 441 colat
829 399 1015 450 Italiam,
1037 400 1071 441 si
1091 399 1246 455 seligat,
1268 405 1430 441 astrum

279 481 345 513 770
402 489 531 529 quam
552 474 666 529 quod
685 480 840 516 cuncta
859 475 979 530 regit,
1001 474 1116 529 quod
1135 489 1274 516 rerum
1293 473 1480 529 pondera
1500 472 1635 523 nouit,

402 549 596 604 designat
615 563 802 590 summas
822 554 865 590 et
884 549 1077 604 iniquum
1097 553 1266 604 separat
1285 563 1434 603 aequo,

401 628 595 678 tempora
615 638 699 678 quo
718 623 920 678 pendent,
940 628 1096 665 coeunt
1116 638 1200 678 quo
1219 637 1388 678 noxque
1408 622 1580 677 diesque
1599 622 1614 663 2

400 697 651 753 Hesperiam
672 712 748 739 sua
768 697 894 739 Libra
914 702 1045 748 tenet,
1067 712 1152 752 qua
1171 697 1343 739 condita
1363 697 1502 738 Roma

237 835 373 867 Tiberio
399 836 554 877 principe
587 835 750 867 Manilius
783 835 875 867 hunc
907 837 1073 876 quartum
1106 834 1233 866 librum
1265 835 1462 877 scripserit;
1500 832 1595 875 quod
1634 833 1777 875 insuper

235 886 457 919 confirmabit
491 897 610 918 uersus
652 888 716 919 776
830 887 892 918 767
927 896 1065 925 quoque
1099 890 1144 924 Μ,
1179 896 1339 925 quaeque
1373 890 1422 918 GL
1537 885 1658 917 Ioniae
1697 895 1776 926 pro-

236 938 344 970 ducta
361 949 451 980 quae
468 939 603 980 corripi,
620 941 779 979 correpta
796 948 885 979 quae
906 938 1050 980 produci
1068 938 1220 970 debebat
1242 937 1377 979 syllaba
1397 947 1461 979 pro
1480 937 1605 968 Ἰωνίασ
1619 937 1775 978 positum

235 990 386 1022 editores
404 1000 474 1022 non
494 990 658 1027 aduertit,
678 990 807 1021 nedum
826 990 963 1031 linguae
984 990 1129 1021 Latinae
1149 989 1420 1031 lexicographos‚
1434 989 1494 1030 qui
1513 988 1583 1020 duo
1602 988 1775 1020 uocabula

235 1045 271 1073 et
297 1052 381 1073 sono
409 1045 445 1074 et
470 1042 721 1083 significatione
747 1042 885 1073 diuersa
905 1043 1008 1073 Ἰωνία
1027 1045 1063 1073 et
1102 1042 1218 1073 Ἰόνιοσ
1237 1042 1273 1072 in
1292 1051 1400 1072 unum
1422 1040 1642 1072 confundunt
1661 1041 1774 1082 specie

236 1093 344 1125 oculis
366 1093 504 1125 obiecta
526 1093 674 1134 decepti,
693 1094 783 1125 sicut
806 1093 992 1135 deceptum
1009 1093 1115 1125 fuisse
1139 1096 1285 1135 apparet
1307 1092 1497 1124 Manilium.
1546 1102 1658 1132 neque
1681 1092 1774 1123 enim

234 1145 286 1175 ita
314 1155 394 1176 eum
424 1145 566 1176 crimine
596 1144 705 1176 leuari
733 1155 833 1186 posse
864 1148 952 1186 puto
975 1147 1018 1176 ut
1042 1145 1148 1176 Ἰόνιαι
1173 1147 1286 1176 πόλεισ
1314 1144 1560 1185 intellegantur
1588 1143 1774 1184 Apollonia

235 1196 385 1238 Corcyra
406 1196 593 1227 Ambracia
614 1196 832 1238 Naupactus,
855 1206 935 1227 cum
957 1196 1063 1227 Ionas
1085 1196 1296 1237 significatos
1313 1198 1349 1227 et
1366 1195 1503 1227 adjecta
1525 1195 1626 1226 Doris
1648 1198 1773 1236 arguat

235 1250 271 1278 et
296 1247 443 1279 aliorum
471 1247 724 1289 astrologorum
743 1248 984 1279 testimonium
1009 1247 1147 1279 Ioniam
1167 1247 1298 1289 Virgini
1325 1247 1581 1279 subicientium.
1629 1246 1773 1278 iterasse

234 1309 383 1330 errorem
409 1299 603 1330 Ausonium
630 1300 695 1331 294
721 1299 830 1340 (Peip.
859 1310 892 1340 p.
924 1300 1002 1339 149)
1019 1299 1170 1330 Athenas
1187 1323 1194 1330 .
1214 1323 1221 1330 .
1242 1323 1249 1330 .
1268 1298 1357 1330 unde
1378 1308 1440 1339 per
1466 1298 1605 1329 Ioniae
1626 1298 1774 1338 populos

236 1353 264 1381 et
282 1360 403 1381 nomen
422 1349 594 1382 Achaeum
615 1348 620 1393 Ι
640 1360 738 1381 uersa
755 1350 860 1381 Graia
878 1360 1000 1381 manus
1016 1353 1147 1381 centum
1166 1360 1199 1381 se
1220 1350 1337 1391 effudit
1354 1349 1392 1381 in
1410 1349 1506 1381 urbes
1525 1349 1561 1380 in
1580 1348 1773 1390 eodemque

234 1402 393 1434 Seruium
419 1405 597 1433 uersatum
623 1412 696 1433 esse
721 1401 806 1433 Aen.
827 1411 869 1433 ΙΠ
895 1402 956 1432 211
985 1401 1157 1433 sciendum
1184 1401 1324 1433 Ionium
1348 1401 1464 1433 sinum
1489 1410 1556 1432 esse
1581 1400 1774 1432 inmensum

233 1453 274 1484 ab
299 1453 402 1484 Ionia
424 1463 528 1494 usque
549 1453 594 1484 ad
615 1453 774 1484 Siciliam
791 1453 851 1484 uix
873 1453 1018 1494 dignum
1041 1455 1238 1484 memoratu
1260 1455 1336 1484 est:
1373 1452 1459 1483 illud
1481 1451 1682 1489 notabilius,
1699 1452 1772 1483 iam

234 1504 410 1542 Ouidium,
422 1515 501 1536 cum
514 1504 595 1536 fast.
611 1513 648 1536 Iv
662 1505 726 1536 565
740 1515 789 1545 sq.
806 1504 970 1536 scriberet
983 1504 1060 1536 hinc
1074 1505 1165 1545 (sinu
1177 1504 1339 1536 Saronico
1353 1504 1501 1545 egressa)
1513 1503 1578 1535 init
1588 1503 1769 1544 Aeqaeum,

231 1567 296 1597 quo
316 1557 480 1597 Cycladas
497 1556 620 1597 aspicit
640 1566 764 1593 omnes,
784 1554 788 1599 Ι
806 1557 1030 1596 Ioniumque
1049 1566 1157 1596 rapax
1180 1556 1396 1596 Icariumque
1415 1556 1490 1596 leyit
1511 1554 1515 1599 Ι
1533 1566 1657 1596 perque
1675 1555 1772 1587 urbes

232 1608 338 1640 Asiae
358 1608 493 1648 lonyum
509 1608 593 1648 petit
613 1607 877 1648 Hellespontum,
899 1607 1049 1639 uoluisse
1069 1607 1179 1639 uideri
1197 1617 1303 1648 quam
1321 1607 1512 1639 Pausanias
1529 1616 1581 1638 vn
1602 1608 1623 1638 5
1645 1608 1665 1638 6
1685 1607 1771 1638 dicit

231 1661 291 1698 τὴν
325 1662 492 1691 θάλασσαν
523 1662 585 1690 τῶν
620 1659 748 1698 Ἰώνων,
779 1660 814 1690 in
848 1669 919 1700 qua
951 1662 1005 1690 est
1039 1658 1142 1690 Chios
1174 1658 1297 1690 insula.
1356 1668 1438 1689 nam
1476 1668 1563 1699 quos
1591 1661 1771 1700 praeterea

232 1711 452 1753 Musgrauius
476 1710 531 1742 ad.
558 1711 640 1742 Eur.
668 1710 796 1742 Phoen.
819 1711 883 1741 219
908 1710 1000 1742 locos
1025 1710 1157 1747 attufit,
1183 1713 1223 1742 ut
1247 1710 1385 1741 Ionium
1405 1720 1475 1741 non
1494 1720 1688 1750 numquam
1706 1721 1770 1752 pro

232 1762 370 1804 Aegaeo
399 1762 614 1804 appellatum
643 1772 715 1793 esse
744 1761 919 1804 probaret,
938 1762 969 1792 ei
997 1762 1126 1803 partim
1156 1761 1256 1793 aliter
1284 1764 1346 1792 aut
1373 1764 1521 1803 possunt
1549 1764 1612 1793 aut
1640 1761 1771 1793 debent

232 1814 398 1856 explicari
419 1813 531 1853 (uelut
550 1814 690 1855 proprio
710 1817 746 1845 et
767 1814 899 1844 usitato
919 1823 1033 1850 sensu,
1054 1816 1095 1844 ut
1112 1824 1155 1844 ex
1168 1813 1271 1844 Paus.
1287 1822 1355 1844 VIII
1377 1814 1417 1844 14
1439 1813 1524 1844 10-2
1543 1812 1768 1855 intellegitur,

232 1876 254 1896 a
282 1865 412 1898 Seneca
440 1865 574 1896 dictum
605 1865 719 1896 Ioniis
746 1864 893 1896 nauibus
921 1864 1009 1906 Thy.
1040 1865 1129 1904 142),
1158 1865 1287 1906 partim
1316 1865 1471 1906 corrupti
1499 1868 1593 1902 sunt,
1613 1865 1769 1897 eiusdem

232 1916 361 1949 Phoen.
389 1917 498 1948 (no-2
522 1919 558 1947 et
583 1926 686 1956 quem
710 1916 745 1946 in
772 1916 922 1947 transitu
948 1916 1133 1955 temptabo
1158 1915 1342 1947 emendare
1367 1925 1506 1946 uersum
1531 1915 1593 1957 Ag.
1613 1916 1689 1954 506,
1708 1916 1768 1948 ubi

235 1968 335 1999 Ionio
353 1971 495 2010 poetam
515 1967 688 2008 scripsisse
701 1967 794 1998 credi
814 1969 939 1998 uetant
960 1967 981 1998 I
984 1967 1063 1998 onia
1082 1967 1193 1998 maria
1210 1966 1293 1998 ibid.
1310 1967 1375 1998 565
1393 1969 1486 1998 recte
1505 1966 1642 2008 Aegaeo
1661 1977 1768 2009 oppo-

232 2020 324 2052 sita:
360 2019 508 2061 scripsit,
527 2019 592 2050 nisi
614 2018 726 2056 fallor,
745 2019 801 2050 sed
822 2022 940 2050 trunca
957 2022 1020 2049 toto
1036 2019 1167 2059 puppis
1190 2018 1272 2060 <in>
1291 2021 1407 2059 ponto
1429 2021 1533 2056 natat,
1552 2018 1644 2050 unde
1668 2019 1769 2051 Ionio

230 2071 421 2103 effecerunt
434 2070 526 2102 idem
540 2071 600 2111 qui
615 2069 744 2101 Phaed.
764 2071 848 2102 1012
865 2070 987 2101 Ionius
1001 2070 1036 2101 in
1047 2073 1172 2110 pontus
1185 2073 1370 2101 mutarunt
1386 2070 1525 2101 librarii.
1574 2081 1645 2102 non
1657 2071 1768 2102 leuius

231 2133 339 2164 quam
353 2122 515 2154 Manilius
529 2122 676 2162 deliquit
694 2122 856 2153 Lucanus
874 2121 1069 2152 Phocaeam
1081 2132 1143 2162 pro
1164 2121 1314 2153 Phocide
1325 2124 1361 2151 et
1371 2121 1525 2153 Phocida
1535 2132 1597 2163 pro
1608 2121 1768 2154 Phocaea

232 2174 446 2206 nominando
459 2182 502 2205 ΙΠ
517 2174 592 2210 172,
605 2174 681 2209 340,
696 2182 733 2204 1v
746 2174 823 2210 256,
836 2182 858 2204 v
872 2174 925 2210 53,
942 2174 1019 2204 144:
1040 2173 1123 2213 quid
1137 2172 1231 2213 quod
1243 2172 1412 2204 Martialis
1424 2173 1536 2214 Arpos
1548 2176 1584 2204 et
1595 2173 1768 2215 Arpinum

231 2225 392 2258 confudit
414 2234 452 2257 IV
475 2226 517 2257 55
541 2226 592 2257 3?
640 2227 794 2256 ceterum
818 2224 937 2255 Ioniae
955 2225 1095 2255 nomine
1112 2234 1183 2255 non
1206 2227 1346 2255 tantum
1369 2224 1471 2255 Asiae
1494 2235 1555 2255 ora
1577 2227 1613 2256 et
1634 2224 1769 2257 insulae

232 2277 416 2319 significari
446 2276 612 2308 uidentur
641 2276 713 2313 sed,
743 2286 849 2316 quam
881 2276 1059 2316 quondam
1084 2276 1136 2306 ita
1162 2274 1373 2316 appellatam
1399 2285 1472 2306 esse
1501 2276 1611 2307 tradit
1639 2276 1767 2308 Strabo

231 2338 270 2361 IX
288 2340 321 2370 p.
342 2329 418 2366 392,
438 2328 557 2360 Attica
572 2340 581 2365 ;
613 2328 705 2359 sicut
723 2328 830 2359 etiam
851 2327 977 2358 Dorica
995 2337 1077 2358 rura
1089 2337 1159 2358 non
1172 2326 1281 2358 solam
1294 2326 1411 2358 Rhodi
1429 2330 1492 2358 aut
1511 2327 1619 2359 Oetae
1637 2329 1768 2360 montis

231 2380 395 2411 uiciniam
433 2380 643 2421 interpretor
685 2378 745 2410 sed
788 2381 821 2409 ἐν
870 2378 911 2418 τᾷ
950 2380 1080 2418 μεγάλᾳ
1119 2380 1232 2418 Δωρίδι
1277 2379 1363 2417 νάσῳ
1411 2380 1564 2410 Πέλοποσ
1601 2378 1768 2421 Argolida

231 2431 440 2463 Laconicam
456 2430 684 2468 Messeniam;
713 2439 827 2470 neque
837 2430 930 2460 enim
941 2429 1027 2460 nullj
1044 2432 1138 2461 astro
1154 2428 1335 2461 Graeciam
1351 2440 1371 2461 a
1388 2429 1529 2461 Manilio
1546 2429 1767 2472 adsignatam

230 2493 304 2514 esse
337 2481 499 2514 credibile
531 2484 596 2518 est,
630 2491 777 2522 eamque
810 2480 943 2523 Virgini
977 2480 1164 2521 adsignant
1192 2479 1322 2511 Paulus
1354 2483 1390 2512 et
1423 2480 1644 2513 Ptolemaeus

273 2535 335 2566 768
360 2537 506 2566 arcades
530 2532 604 2570 GU,
629 2536 776 2564 areades
807 2535 865 2564 ΒΜ
955 2532 1098 2572 antiqui,
1125 2533 1316 2573 προσέληνοι
1393 2532 1542 2564 769-777
1568 2532 1767 2565 Dorotheus

229 2586 393 2618 C.C.A.G.
411 2594 450 2617 VI
466 2596 499 2626 p.
518 2585 562 2615 94
578 2586 620 2616 55
637 2587 673 2615 et
690 2594 743 2625 ap.
764 2583 877 2625 Heph.
897 2592 910 2615 1
930 2585 944 2615 1
963 2595 996 2625 p.
1016 2585 1057 2614 57
1078 2585 1114 2614 ll
1135 2584 1260 2621 Ἰταλίη
1281 2585 1368 2624 χώρη
1385 2596 1419 2615 τε
1440 2586 1530 2616 πέλει
1550 2587 1766 2625 πλάστιγγασ

228 2638 282 2669 ὑπ’
308 2638 422 2675 αὐτάσ,
442 2636 602 2678 Odapsus
627 2635 709 2667 ibid.
729 2636 768 2666 12
794 2645 844 2676 sq.
864 2637 947 2667 κατὰ,
963 2637 1000 2666 τὸ
1016 2637 1163 2673 μέτωπον
1181 2634 1286 2673 Ῥώμη
1303 2637 1355 2666 καὶ
1370 2637 1411 2666 τὰ
1427 2638 1498 2676 περὶ
1518 2637 1627 2674 αὐτήν,
1644 2635 1763 2668 Ludw.

227 2689 370 2720 Maxim.
391 2699 424 2730 p.
455 2689 517 2720 116
544 2689 585 2719 14
618 2697 667 2728 sq.
690 2689 771 2718 κατὰ
796 2689 832 2718 τὸ
857 2689 1003 2725 μέτωπον
1026 2685 1151 2718 Ἰταλία
1241 2686 1304 2717 769
1329 2689 1459 2725 seligat
1482 2687 1513 2724 *,
1538 2690 1660 2726 seligis
1690 2688 1766 2725 (ΞΠ,

228 2743 345 2778 sing-is
373 2744 443 2772 LM.
529 2739 557 2771 si
587 2739 662 2780 ipsa
691 2741 825 2769 astrum
856 2738 979 2779 seligat
1011 2737 1139 2769 Italia:
1177 2737 1389 2769 indicatiuus
1421 2737 1552 2770 nullam
1592 2738 1764 2770 rationem

229 2791 346 2823 habet.
411 2789 541 2822 excidit
574 2794 608 2821 at
648 2793 791 2831 propter
832 2800 881 2827 as,
923 2789 1221 2830 quemadmodum
1258 2792 1287 2821 et
1311 2792 1453 2831 propter
1494 2800 1526 2821 es
1565 2790 1630 2821 793

275 2842 426 2873 770-772
453 2841 532 2873 uide
555 2841 709 2873 203-216
801 2841 864 2872 773
883 2849 948 2872 sua
973 2844 1017 2878 M,
1035 2844 1100 2873 sub
1127 2844 1176 2872 GL
1201 2840 1276 2872 cod.
1301 2840 1454 2873 Venetus
1543 2851 1610 2881 qua
1631 2841 1764 2873 condita
