1872 3183
602 154 1089 198 ASTRONOMICON
1121 155 1186 197 IV
1612 159 1666 196 69

296 266 424 309 iudex
443 281 621 309 examen
640 267 762 309 sistet
780 268 980 323 uitaeque
999 267 1195 322 necisque

170 347 241 379 550
295 341 554 396 inponetque
573 342 718 397 iugum
737 342 858 383 terris
878 341 1071 397 legesque
1090 341 1269 396 rogabit.

295 414 414 456 illum
434 415 557 457 urbes
576 421 620 457 et
639 430 766 471 regna
785 421 969 457 trement
988 420 1181 470 nutuque
1201 419 1396 470 regentur

296 489 420 530 unius
440 493 483 530 et
501 489 605 531 caeli
624 495 722 545 post
740 495 874 531 terras
894 490 985 531 iura
1006 489 1254 531 manebunt.

351 563 546 618 Scorpius
566 568 780 605 extremae
798 578 896 606 eum
916 563 1038 605 tollet
1057 563 1217 605 lumina
1236 562 1410 611 caudae,

298 636 333 677 si
351 637 445 691 quis
465 637 545 678 erit
563 637 693 679 stellis
712 642 806 679 tum
825 637 1156 692 suffragantibus
1176 641 1307 685 ortus,

173 719 243 750 555
298 711 472 753 urbibus
492 711 664 766 augebit
683 716 816 753 terras
835 711 1074 766 iunctisque
1094 710 1279 752 iuuencis

299 785 464 827 moenia
484 785 721 827 succinctus
740 800 870 828 curuo
890 785 1099 827 describet
1118 790 1272 833 aratro,

299 864 376 901 aut
395 864 555 901 sternet
573 860 734 915 positas
753 859 878 901 urbes
897 859 1025 914 inque
1044 873 1147 901 arua
1167 858 1339 900 reducet

300 934 456 990 oppida
476 939 519 976 et
538 934 582 975 in
601 934 796 976 domibus
817 939 1006 976 maturas
1025 933 1173 976 reddet
1193 933 1357 975 aristas.

300 1013 425 1050 tanta
445 1008 524 1051 erit
543 1014 586 1050 et
605 1009 741 1051 uirtus
761 1014 804 1050 et
824 1023 920 1050 eum
939 1008 1100 1051 uirtute
1120 1013 1322 1064 potestas.

137 1220 280 1252 sustinet
295 1223 433 1251 auratas
448 1223 586 1261 aequato
599 1221 744 1260 pondere
760 1221 879 1251 lances.
928 1219 988 1251 sed
1004 1220 1040 1250 in
1053 1219 1168 1251 Germ.
1185 1218 1270 1259 frag.
1285 1227 1322 1249 IV
1336 1219 1376 1249 27
1390 1220 1548 1258 aequatae
1563 1216 1680 1248 librato

139 1271 283 1310 pondere
306 1271 426 1303 Chelae
448 1272 535 1303 nihil
557 1282 682 1303 causae
705 1274 759 1303 est
781 1282 843 1303 cur
865 1271 1038 1303 scribatur
1060 1273 1199 1311 aequato
1222 1269 1360 1301 libratae
1451 1268 1513 1300 549
1536 1277 1681 1300 examen

142 1321 332 1360 Bentleius,
366 1327 535 1355 extranea
566 1326 626 1360 GL,
659 1327 848 1355 extraneae
874 1321 949 1353 cod.
982 1321 1148 1358 Venetus,
1177 1325 1345 1353 externea
1377 1324 1422 1357 M,
1449 1323 1606 1352 extrema
1632 1319 1681 1350 L2i

141 1372 300 1404 examina
322 1373 443 1405 Librae
466 1383 509 1405 111
533 1375 609 1412 305,
634 1383 672 1405 1v
696 1375 771 1405 216.
819 1374 912 1405 sistit
936 1383 1083 1404 examen
1107 1373 1168 1413 qui
1191 1372 1353 1404 uacillare
1377 1370 1540 1413 prohibet

188 1423 251 1454 550
272 1427 414 1463 rogabit
436 1429 461 1457 G
482 1428 518 1456 et
540 1425 576 1457 in
598 1429 621 1457 L
642 1428 678 1456 et
701 1429 735 1457 M
756 1434 849 1456 man.
875 1434 954 1461 ree„
979 1426 1121 1462 rogabis
1143 1427 1201 1455 LM
1291 1422 1352 1453 551
1376 1426 1466 1455 nutu
1488 1421 1537 1459 L²‚
1559 1425 1683 1454 notum

143 1478 250 1507 GLM:
286 1476 349 1507 777
372 1475 529 1507 Tiberius
548 1476 701 1516 propriis
716 1475 831 1517 frenat
850 1475 1047 1515 pendentem
1068 1474 1206 1506 nutibus
1227 1473 1334 1505 orbem
1424 1477 1594 1512 regentur
1614 1476 1684 1509 LM,

141 1531 311 1565 gerentur
327 1530 353 1559 G
442 1528 504 1558 552
521 1527 617 1565 ordo,
635 1537 740 1568 quem
757 1527 1039 1568 interpunctione
1056 1528 1286 1567 corruperunt
1300 1524 1491 1557 Beehertus
1510 1525 1687 1556 Breiterus

143 1577 433 1619 Wageningenus,
459 1577 514 1609 hic
539 1581 604 1615 est,
631 1578 729 1610 illum
755 1577 851 1610 urbes
875 1580 1011 1609 trement
1037 1580 1065 1609 et
1090 1577 1175 1608 caeli
1199 1578 1277 1608 iura
1301 1576 1493 1613 manebunt,
1519 1585 1601 1607 nam
1627 1575 1687 1606 illa

141 1631 290 1670 nutuque
312 1632 463 1670 reqentur
484 1630 590 1661 unius
611 1630 711 1670 quasi
733 1640 795 1671 per
814 1628 1039 1671 parenthesin
1059 1629 1267 1670 interposita
1287 1630 1380 1659 sunt.
1431 1636 1445 1659 1
1470 1627 1535 1660 386
1561 1626 1688 1659 Caesar

142 1689 234 1711 nunc
254 1680 352 1712 terris
370 1683 447 1720 post
467 1680 556 1712 caelo
577 1681 747 1712 maximus
768 1683 893 1717 auctor,
915 1681 981 1712 799
1003 1690 1053 1720 sq.
1077 1679 1205 1711 caetum
1223 1703 1230 1710 .
1250 1703 1257 1710 .
1277 1703 1284 1710 .
1302 1678 1390 1719 quod
1410 1682 1495 1719 reyet
1511 1678 1687 1718 Anqustus

141 1731 231 1763 socio
252 1740 313 1772 per
335 1732 435 1772 signa
460 1731 624 1769 Tonante,
650 1731 809 1773 Orpheus
834 1735 865 1763 ἐν
890 1734 964 1762 ταΐσ
988 1733 1260 1771 Δωδεκαετηρίσιν
1285 1740 1340 1771 ap.
1372 1729 1477 1761 schol.
1511 1729 1684 1771 Lycophr.

144 1783 209 1815 523
243 1785 334 1815 ἔσται
366 1783 393 1814 δ’
426 1785 465 1814 αὖ
496 1795 549 1814 τισ
582 1785 661 1824 ἀνὴρ
694 1785 713 1822 ἢ
745 1785 892 1824 κοίρανοσ
920 1784 956 1821 ἠὲ
986 1780 1203 1824 τύραννοσΙῆ
1235 1783 1405 1822 βασιλεὺσ,
1440 1783 1479 1812 δσ
1512 1783 1617 1819 τῆμοσ·
1649 1784 1686 1812 ἐστ

145 1835 275 1875 οὐρανὸν
323 1836 421 1874 ἵξεται
466 1837 562 1866 αἰπύν
653 1834 804 1865 553-559
844 1833 977 1875 Scorpii
1017 1836 1117 1875 parte
1156 1833 1280 1864 ultima
1318 1832 1450 1863 oriente
1485 1831 1688 1864 fauentibus

143 1885 294 1927 planetis
306 1889 499 1917 nascuntur
512 1885 650 1917 urbium
663 1885 859 1917 conditores
872 1888 908 1916 et
921 1894 1096 1916 euersores
1185 1884 1248 1915 553
1260 1887 1438 1916 extremae
1448 1883 1497 1921 L²‚
1509 1887 1688 1916 extraeme

148 1941 194 1974 M,
214 1941 380 1969 extranee
399 1941 433 1974 L,
449 1941 640 1970 extraneae
661 1941 687 1969 G
775 1940 880 1969 tollet
896 1941 941 1973 M,
955 1940 1052 1968 tollit
1069 1939 1118 1968 GL
1208 1939 1340 1968 caudae
1362 1938 1422 1967 GM
1441 1937 1477 1966 et
1496 1935 1533 1966 in
1551 1938 1574 1967 L
1593 1944 1685 1966 man.

147 1998 228 2026 rec„
252 1991 387 2020 claudit
409 1991 433 2020 L
522 1988 655 2020 lumina
677 1988 813 2025 caudae,
838 1987 935 2019 Erat.
961 1990 1086 2019 catast.
1113 1988 1132 2018 7
1159 1988 1225 2026 ἔχει
1250 1988 1283 2018 δὲ
1307 1988 1449 2027 ἀστέρασ
1466 2010 1473 2017 .
1493 2010 1500 2017 .
1520 2010 1527 2018 .
1547 1988 1599 2017 ἐπὶ
1624 1989 1687 2023 τῆσ

148 2041 258 2079 κέρκου
279 2040 314 2078 ε’,
337 2042 389 2071 ἐπὶ
411 2042 467 2071 τοῦ
490 2041 618 2081 κέντρου
641 2040 685 2080 β’,
705 2039 797 2070 Man.
823 2047 836 2070 1
861 2039 924 2071 690
947 2039 1089 2070 caudam
1111 2048 1177 2078 qua
1193 2037 1355 2077 Scorpius
1371 2038 1473 2074 ardet,
1491 2037 1573 2068 Luc.
1593 2046 1606 2068 1
1623 2038 1687 2069 658

149 2101 199 2132 sq.
212 2090 379 2132 flayrante
394 2090 559 2121 minacem
580 2089 584 2133 Ι
603 2089 768 2130 Scorpion
785 2113 792 2120 .
812 2113 819 2121 .
839 2113 846 2121 .
865 2089 974 2121 cauda
1063 2089 1127 2119 554
1142 2088 1247 2119 stellis
1263 2088 1342 2128 (hoc
1359 2091 1424 2125 est,
1443 2091 1483 2119 ut
1500 2087 1689 2129 Pingraeus

148 2141 332 2180 intellexit,
353 2141 517 2183 planetis)
534 2140 808 2183 suffraqantibus,
830 2141 858 2172 si
878 2140 1057 2172 stellarum
1077 2139 1178 2171 fauor
1198 2139 1390 2176 accesserit,
1413 2147 1455 2170 111
1478 2140 1540 2170 155
1560 2139 1592 2170 si
1611 2138 1690 2171 bene

148 2193 346 2226 conuenient
363 2193 473 2224 stellae
488 2202 548 2232 per
565 2193 663 2233 siyna
680 2195 846 2232 sequentes
861 2203 869 2228 ;
901 2191 980 2222 uide
998 2191 1043 2222 ad
1061 2199 1089 2222 11
1107 2191 1171 2222 835
1189 2193 1224 2221 et
1242 2199 1285 2221 ΠΙ
1305 2191 1364 2222 101
1385 2189 1556 2222 adnotata

195 2245 257 2276 555
282 2244 345 2276 556
368 2244 507 2276 Seruius
530 2244 615 2275 Aen.
641 2252 664 2275 V
688 2245 752 2275 755
775 2253 819 2274 ex
843 2243 984 2275 Catonis
1008 2241 1197 2283 originibus
1220 2241 1403 2273 conditores
1426 2241 1515 2272 enim
1538 2241 1691 2272 ciuitatis

149 2300 285 2328 taurum
304 2296 342 2327 in
361 2295 537 2332 dexteram,
557 2304 695 2327 uaccam
714 2295 916 2326 intrinsecus
935 2293 1114 2334 iunglebant
1134 2296 1162 2324 et
1181 2293 1321 2324 incincti
1340 2292 1408 2324 ritu
1427 2291 1568 2330 Gabino,
1589 2292 1625 2324 id
1645 2296 1692 2324 est

150 2351 242 2388 toyae
264 2349 359 2387 parte
382 2350 483 2386 caput
507 2346 622 2384 aelati,
646 2349 740 2386 parte
765 2345 935 2383 succincti,
961 2344 1111 2376 tenebant
1135 2344 1260 2375 stiuam
1284 2344 1474 2381 incuruam,
1500 2346 1536 2374 ut
1559 2344 1690 2384 ylaebae

151 2409 265 2431 omnes
288 2398 490 2430 intrinsecus
514 2397 675 2435 caderent,
701 2400 730 2429 et
754 2397 803 2428 ita
827 2397 917 2428 sulco
942 2396 1038 2428 ducto
1062 2396 1133 2426 loca
1158 2404 1329 2426 murorum
1354 2394 1582 2435 desiqnabant,
1605 2395 1687 2426 Luc.

151 2459 205 2482 VII
229 2450 294 2481 429
318 2459 368 2490 sq.
394 2459 452 2480 nec
476 2449 594 2480 uetitos
618 2458 725 2479 errare
751 2447 868 2479 Dahas
892 2448 930 2478 in
954 2447 1086 2478 moenia
1109 2446 1208 2478 ducat
1228 2444 1233 2488 Ι
1252 2444 1540 2486 Sarmaticumque
1562 2449 1692 2485 premat

150 2501 339 2532 succinctus
359 2499 476 2531 consul
503 2503 652 2531 aratrum
743 2499 803 2530 555
826 2501 985 2531 iuuencis
1006 2497 1069 2529 GL²
1091 2500 1127 2528 et
1149 2497 1184 2528 in
1206 2501 1239 2528 M
1262 2506 1354 2528 man.
1379 2506 1457 2533 rec„
1480 2499 1635 2529 iuuentis
1657 2500 1691 2533 L,

151 2554 381 2590 iuueueisque
409 2555 443 2583 Μ
533 2551 595 2582 556
623 2553 762 2582 maenia
792 2550 866 2586 (ΗΡ,
894 2552 1011 2581 moeni
1038 2552 1083 2585 M,
1109 2551 1227 2580 maeni
1250 2551 1273 2579 L
1362 2551 1561 2580 succinctus
1588 2547 1689 2579 codd.

153 2604 243 2637 Flor.
270 2606 306 2635 et
328 2602 441 2640 Bodl„
459 2605 648 2634 subcinctis
672 2605 716 2638 M,
734 2601 909 2633 simillima
932 2604 981 2633 GL
1070 2603 1244 2632 describet
1264 2598 1375 2636 GL²M‚
1392 2602 1559 2631 describit
1581 2603 1604 2631 L

198 2655 260 2687 557
281 2658 385 2686 urbes
403 2653 465 2686 GL²
480 2657 516 2685 et
534 2664 577 2685 ex
595 2664 680 2685 corr.
698 2657 743 2690 M,
757 2657 858 2685 orbes
873 2656 931 2684 LM
1021 2652 1083 2683 558
1098 2654 1221 2683 reddet
1234 2651 1308 2687 GL²‚
1326 2653 1443 2683 reddit
1459 2652 1527 2682 ΒΜ.
1573 2650 1694 2688 reddet,

153 2706 259 2738 faciet
271 2708 311 2738 ut
322 2708 415 2737 terra
425 2704 561 2742 reddat,
575 2704 640 2736 hoc
653 2708 706 2736 est
722 2704 823 2735 ferat.
871 2703 948 2735 dico
962 2706 1105 2745 propter
1122 2703 1258 2744 Fayum
1348 2701 1498 2733 560-567
1512 2701 1695 2743 Sagittarii

154 2757 270 2790 media
286 2757 357 2789 fere
373 2759 485 2798 parte,
503 2755 563 2787 ubi
580 2756 652 2797 sagi
669 2756 806 2787 initium
825 2758 889 2792 est,
908 2755 1040 2787 oriente
1060 2757 1252 2786 naseuntur
1271 2752 1394 2785 itidem
1414 2752 1519 2784 duces
1539 2753 1694 2784 uictoriis

155 2808 411 2850 triumphisque
424 2807 519 2845 clari,
531 2806 669 2838 urbium
683 2806 786 2838 modo
801 2806 997 2838 conditores
1011 2805 1114 2837 modo
1127 2814 1312 2842 euersores,
1324 2804 1384 2836 sed
1397 2804 1457 2845 qui
1471 2803 1696 2836 deformitate·

155 2861 224 2892 oris
247 2860 398 2902 insignes
422 2860 502 2891 sint.
550 2861 738 2899 utrumque
763 2858 951 2899 Sagittario
976 2857 1150 2895 conuenit,
1172 2857 1232 2898 qui
1256 2859 1291 2888 et
1317 2855 1463 2888 bellator
1486 2858 1551 2893 est,
1575 2855 1691 2888 Germ.
