1872 3183
558 165 1047 209 ASTRONOMICON
1078 166 1145 208 IV
1521 169 1618 210 xvii

86 274 155 313 the
183 279 425 327 agreement,
447 274 643 325 complete
663 288 707 314 or
727 276 882 326 partial,
906 275 950 314 of
974 275 1134 323 Paulus,
1156 276 1397 322 Dorotheus,
1418 276 1616 327 P‘colemy‚

86 339 245 387 Valens,
275 339 354 378 and
387 339 476 378 ‘the
506 340 752 391 Egyptians'
773 341 869 378 with
900 341 1100 380 Manilius.
1158 341 1279 380 Their
1307 341 1616 380 contradictions

85 404 128 442 of
162 404 361 451 Manilius,
394 405 435 442 in
469 404 658 456 allotbing
685 410 727 443 to
761 418 836 444 one
867 405 953 456 sign
989 406 1146 458 regions
1179 406 1307 444 which
1342 407 1390 444 he
1424 406 1540 444 allots
1573 411 1616 445 to

84 469 263 515 another,
294 482 360 508 are
390 474 456 508 too
484 482 699 508 numerous
727 474 769 508 to
798 470 977 509 mention
992 486 1002 519 3
1030 471 1104 509 but
1127 471 1146 509 I
1168 471 1247 509 will
1270 471 1363 510 here
1388 477 1483 510 note
1510 471 1616 509 their

84 534 268 573 variebies
298 533 343 573 of
375 534 537 586 opinion
568 534 782 587 regarding
809 535 878 574 the
907 536 1065 588 regions
1094 536 1222 575 which
1257 536 1446 575 Manilius
1480 536 1616 575 makes

83 599 239 650 subject,
259 604 301 638 130
321 599 447 638 Aries.

243 697 480 748 Hellesponti
495 713 502 736 :

241 957 455 1009 Propontis
471 973 478 996 :

239 1151 357 1203 Syria
373 1167 380 1191 :

239 1866 374 1905 Persia
391 1882 397 1905 :

237 2255 373 2307 Egypt
388 2271 395 2294 :

543 706 577 740 (γ’
614 698 803 737 Manilius

537 774 585 801 Q&
618 763 714 800 κατὰ
742 763 812 813 τὴν
843 764 1017 814 κεφαλήν
1044 764 1124 803 and
1151 764 1233 803 also
1264 765 1359 802 κατὰ
1390 764 1437 802 τὰ
1465 765 1613 815 ἔσχατα

671 827 731 865 ἐπὶ
757 828 825 865 τοῦ
843 828 1044 877 στόματοσ
1067 829 1226 877 Valens,
1256 830 1303 867 τὰ
1330 830 1511 880 ἀριστερά
1533 830 1612 869 and

682 893 765 932 also
786 892 823 930 ἐν
844 893 985 945 δεξιοῖο-
1004 894 1188 946 Odapsus

546 965 579 1000 (Ῥ
617 957 806 997 Manilius

541 1027 582 1070 Ω,
615 1022 844 1062 Dorobheus
873 1023 1015 1075 (στόμα
1040 1024 1222 1076 Πόντου),
1246 1025 1426 1075 ἀριστερά
1451 1025 1610 1073 Valens,

670 1088 766 1125 κατὰ
786 1087 856 1138 τὴν
876 1091 1051 1139 κεφαλήν
1073 1090 1161 1128 ‘alii
1175 1089 1183 1105 ’

545 1160 578 1195 ‘P
615 1152 816 1201 Manilius,
838 1154 1023 1206 Ptolemy
1041 1155 1186 1206 (Κοίλη
1202 1155 1326 1205 Συρία,
1351 1155 1608 1205 Παλαιστίνη,

669 1217 874 1268 Ἰδουμαία,
902 1219 1092 1271 Ἰουδαία),
1124 1219 1305 1270 ἀριστερά
1326 1221 1483 1268 Valens,
1516 1221 1612 1258 κατὰ

669 1282 739 1333 τὴν
785 1283 900 1334 ῥάχιν
953 1284 1015 1321 καὶ
1064 1285 1217 1322 κοιλίαν
1270 1285 1524 1338 Hipparchus
1572 1292 1612 1325 ei]

668 1349 893 1400 Aegyptui?÷

541 1419 578 1461 νς
616 1412 776 1460 Paulus,
800 1414 898 1451 κατὰ
917 1413 988 1464 τὴν
1009 1414 1163 1452 κοιλίαν
1182 1415 1342 1464 Valens,
1368 1415 1476 1454 ‘alii’

539 1485 576 1517 Π
612 1476 710 1526 μέσα
729 1477 877 1517 Valens

539 1546 581 1589 st
615 1541 652 1579 ἐν
673 1545 762 1580 τοῖσ
780 1543 920 1592 μὲσοισ
939 1543 1088 1583 Valens

550 1608 575 1653 Ι
616 1606 712 1644 κατὰ
732 1608 777 1644 τὸ
797 1608 951 1658 στῆθοσ
971 1608 1153 1660 Odapsus

537 1679 582 1709 22⁶:
615 1671 826 1721 ἐμπρόσθια
854 1673 1013 1721 Valens,
1046 1675 1142 1712 κατὰ
1173 1673 1241 1724 τὴν
1269 1674 1472 1725 ἀριστερὰν
1501 1679 1611 1726 χεῖρα

669 1737 732 1774 καὶ
754 1737 797 1775 τὸ
817 1739 970 1788 στῆθοσ
992 1739 1100 1778 ‘alii’

542 1808 579 1844 J(
617 1802 713 1839 κατὰ
733 1803 779 1840 τὰ
799 1803 898 1852 μέσα
918 1803 1076 1852 Valens,
1101 1804 1282 1856 OdapSUS

545 1874 578 1908 ‘Y‘
615 1866 815 1915 Manilius,
832 1868 991 1916 Paulus,
1006 1869 1107 1920 δεξιά
1122 1870 1281 1917 Valens,
1300 1870 1396 1908 κατὰ
1411 1871 1481 1919 τὴν
1495 1871 1611 1922 ῥάχιν

668 1932 730 1969 καῖ
753 1933 906 1971 κοιλίαν
926 1934 1180 1986 Hipparchus
1201 1941 1241 1974 et
1260 1936 1454 1988 Aegyptii

553 2003 577 2039 ὅ
618 1997 815 2050 Ptolemy,
850 1999 1079 2039 DOI'Obheus
1106 2000 1244 2051 (κλίμα
1275 2001 1475 2053 Μηδικόν),
1513 2003 1609 2040 κατὰ

664 2062 759 2100 τοὺσ
778 2063 906 2112 ὤμουσ
925 2064 1072 2103 Valens

534 2130 580 2172 U'JZ
612 2127 708 2164 κατὰ
728 2129 793 2165 τὸν
813 2128 966 2179 στάχυν
990 2130 1098 2168 ‘alii'

539 2200 575 2235 J(
611 2191 710 2241 μέσα
728 2193 888 2241 Valens,
910 2194 1094 2245 Odapsus

544 2264 577 2299 ‘r‘
614 2257 814 2305 Manilius,
837 2258 998 2296 ὀπίσθια
1018 2259 1165 2299 Valens

547 2329 572 2363 ὅ
612 2321 841 2362 Dorobheus

534 2394 579 2424 κε’
612 2387 772 2435 Paulus,
795 2388 1025 2428 Dorobheus
1046 2389 1185 2440 (κλίμα
1205 2391 1280 2440 τῆσ
1300 2391 1516 2443 Αἰγύπτου)

537 2460 574 2491 Π
611 2452 797 2504 Ptolemy
827 2453 867 2505 (ἡ
898 2454 999 2491 κάτω
1028 2455 1132 2504 χώρα
1156 2456 1232 2505 τῆσ
1254 2455 1482 2508 Αἰγύπτου),
1509 2458 1607 2507 μέσα

662 2517 810 2557 Valens

530 2591 579 2615 ὲ
608 2582 707 2630 μέσα
727 2582 908 2634 OdapsuS

547 2647 570 2693 Ῑ
612 2645 672 2683 ἐπὶ
692 2650 781 2685 τοῖσ
801 2647 1054 2697 ἐμπροσθίοισ
1074 2650 1188 2687 ποσίν
1209 2650 1390 2702 Odapsus

539 2717 574 2757 νῆ
613 2712 708 2749 κατὰ
746 2712 816 2762 τὴν
855 2714 1007 2751 κοιλίαν
1039 2714 1186 2754 Valens
1223 2715 1338 2766 (μέση
1370 2717 1601 2770 Αἴγυπτοσ),

665 2777 779 2816 ‘alii.⁷

460 2877 590 2918 *Eupla
607 2888 685 2919 may
703 2879 785 2911 here
801 2879 843 2911 be
858 2890 903 2912 an
919 2890 1015 2912 error
1032 2881 1086 2913 for
1105 2882 1233 2914 Σουσία.
