1872 3183
630 119 1117 165 ASTRONOMICON
1148 120 1214 161 IV
1642 122 1693 160 91

323 230 449 272 Italia
468 230 512 271 in
531 244 709 280 summa,
731 244 860 285 quam
879 243 1018 271 rerum
1038 229 1225 270 maxima
1245 229 1384 270 Roma

198 312 268 344 695
323 304 510 360 inposuit
529 304 651 346 terris
670 304 869 358 caeloque
888 303 1132 358 adiungitur
1151 303 1256 358 ipsa.

377 379 454 420 hos
474 378 553 420 erit
571 379 615 419 in
634 378 737 420 fines
757 378 868 419 orbis
887 382 1128 433 pontusque
1147 376 1376 426 uocandus‚

324 467 449 508 quem
470 452 572 494 deus
591 453 634 493 in
653 457 795 508 partes
815 457 859 493 et
878 452 1041 506 singula
1061 451 1216 493 diuidit
1235 456 1350 492 astra

160 618 279 640 census
310 608 535 650 responderet
625 607 704 639 Tac.
737 607 816 640 hist.
849 616 893 639 111
923 609 965 640 53
997 607 1127 639 Gallias
1157 606 1422 647 Hispaniasque,
1445 605 1696 637 validissimam

164 663 327 691 terrarum
350 662 490 700 partem.
538 659 630 691 Man.
660 668 698 690 IV
725 660 789 692 793
816 659 929 691 Gallia
955 658 1060 695 diues,
1090 658 1234 689 Doroth.
1265 657 1428 689 C.C.A.G.
1458 665 1496 688 VI
1523 667 1555 698 p.
1585 657 1629 688 94
1655 656 1698 687 59

163 713 386 752 βαθύπλουτον
419 714 514 749 κλίμα
546 714 694 750 Γάλλων,
726 710 810 742 Vell.
841 719 869 742 11
897 711 939 742 39
970 711 985 741 1
1017 710 1172 741 Galliae.
1192 733 1200 741 .
1219 734 1226 740 .
1243 709 1347 749 plane
1374 709 1472 746 idem,
1501 708 1587 748 quod
1614 711 1699 739 totus

161 766 325 794 terrarum
353 762 452 799 orbis,
481 762 520 793 in
547 762 716 794 aerarium
744 761 916 803 conferunt
943 761 1159 801 stipendium.
1209 760 1302 792 Caes.
1330 760 1392 791 b.c.
1424 769 1466 791 111
1495 760 1537 792 73
1566 760 1585 791 3
1614 759 1700 791 duas

162 814 357 854 Hispanias
386 813 712 845 bellicosissimorum
742 813 926 850 hominum,
951 813 1039 844 Flor.
1073 821 1085 843 1
1116 813 1159 842 22
1189 813 1231 844 38
1261 811 1458 843 bellatricem
1487 811 1582 842 illam
1611 810 1700 842 uiris

162 865 330 905 armisque
362 864 504 896 nobilem
537 865 749 905 Hispaniam
837 864 902 895 694
933 867 1038 896 italia
1071 867 1107 900 G,
1137 866 1277 895 italiam
1310 866 1367 894 LM
1458 871 1595 894 summa
1627 865 1700 899 GM,

162 926 336 948 summam
352 920 375 948 L
391 918 432 948 ut
448 915 583 949 Statius
601 916 674 947 silu.
696 925 733 947 1v
750 915 856 957 praef.
877 915 922 946 ad
939 915 1010 952 fin.‚
1030 915 1178 946 alterum
1196 914 1377 945 Lucretius
1393 922 1436 945 ΠΙ
1453 914 1506 951 84,
1523 913 1702 945 quenalis

164 975 207 998 111
226 968 279 1004 79,
299 967 367 998 alii.
416 966 502 998 haec
521 967 599 1003 tria,
615 967 653 998 in
671 977 814 1003 summa,
834 967 872 997 in
889 977 1067 1003 summam,
1083 966 1126 997 acl
1144 976 1321 1003 summam,
1337 965 1428 996 idem
1448 967 1586 1003 sonant,
1606 964 1701 1006 quod

162 1017 249 1059 quid
262 1021 353 1049 esset
365 1018 570 1059 ignorarunt
584 1018 736 1049 Huetius
750 1017 938 1057 Pingraeus
953 1017 1128 1048 Breiterus
1211 1026 1318 1055 quam
1327 1020 1398 1053 LM,
1409 1026 1478 1054 qua
1488 1019 1513 1047 G
1591 1026 1702 1046 rerum

163 1069 316 1101 maxima
329 1069 444 1100 Roma
459 1069 587 1100 dicitur
601 1069 699 1110 Verg.
717 1068 801 1099 Aen.
819 1078 872 1100 vn
893 1069 957 1100 602
975 1078 1038 1108 sq„
1054 1067 1110 1100 Sil.
1128 1076 1171 1099 111
1185 1069 1250 1099 584
1263 1077 1327 1108 sq.‚
1342 1066 1460 1099 Claud.
1476 1076 1490 1098 1
1506 1067 1579 1104 130,
1594 1066 1699 1098 Prud.

163 1121 281 1162 perist.
311 1129 349 1151 1x
377 1121 408 1157 3,
436 1123 476 1151 ut
502 1119 544 1151 de
570 1119 718 1151 lectione
739 1119 975 1151 dubitandum
996 1129 1065 1150 non
1092 1119 1138 1150 sit
1158 1129 1270 1159 neque
1288 1118 1422 1149 adscita
1442 1117 1701 1149 Gemblacensis

164 1172 336 1212 scriptura
383 1170 622 1202 coniciendum
675 1181 749 1211 qua
797 1181 906 1202 rerum
953 1170 1132 1202 examina
1182 1170 1289 1201 Roma
1310 1168 1315 1212 Ι
1335 1169 1487 1209 inposuit
1523 1169 1618 1200 terris
1655 1168 1700 1200 ad

163 1222 343 1264 exemplar
363 1232 482 1253 eorum
506 1232 595 1263 quae
622 1233 678 1253 uu.
707 1223 772 1253 549
798 1232 847 1262 sq.
875 1224 911 1253 et
933 1222 1040 1253 773-5
1068 1220 1249 1252 habentur.
1298 1220 1480 1251 fatendum
1507 1223 1560 1252 est
1582 1223 1700 1251 tamen

166 1274 268 1305 solito
292 1273 530 1315 neglegentius
553 1274 661 1314 egisse
678 1276 819 1314 poetam
842 1273 878 1304 in
902 1272 966 1304 hac
990 1283 1025 1303 re
1050 1272 1143 1303 haud
1167 1282 1249 1303 sane
1273 1271 1485 1313 diligentem,
1504 1281 1583 1303 cum
1607 1272 1701 1303 intra

164 1325 312 1357 eandem
334 1325 516 1366 periodum
538 1325 659 1356 eadem
681 1335 800 1356 uersus
821 1324 900 1355 sede
922 1327 996 1356 tam
1019 1334 1128 1365 paruo
1153 1323 1337 1355 interuallo
1362 1323 1511 1355 maxima
1531 1323 1674 1354 iteraret

255 1377 316 1407 695
340 1379 431 1407 recte
453 1379 489 1408 et
510 1375 714 1417 simpliciter
735 1375 892 1407 Grattius
914 1376 978 1407 323
1001 1385 1050 1416 sq.
1070 1375 1113 1406 de
1135 1375 1286 1407 Camillis
1307 1375 1528 1415 Serranisque
1550 1384 1622 1414 erqo
1643 1375 1702 1407 illo

167 1439 206 1459 ecc
224 1427 338 1459 habitu
357 1428 557 1467 uirtutisque
570 1427 681 1458 indole
697 1427 830 1467 priscae
851 1425 856 1469 Ι
875 1427 1052 1467 inposuere
1070 1426 1140 1457 orbi
1161 1426 1303 1457 Romam
1321 1429 1432 1466 caput,
1447 1426 1536 1457 sicut
1556 1425 1702 1458 Ouidius

166 1479 247 1510 fast.
267 1488 304 1510 VI
321 1480 386 1511 360
405 1479 425 1510 I
428 1479 574 1519 uppiter,
590 1478 674 1509 hanc
692 1478 870 1519 (Romam)
887 1478 982 1509 terris
996 1478 1217 1517 impositurus
1235 1487 1316 1514 eraS,
1332 1477 1492 1508 Lucanus
1509 1486 1551 1508 111
1568 1478 1632 1509 393
1649 1487 1700 1518 sq.

167 1531 282 1561 uirum
297 1530 507 1570 (Caesarem)
522 1530 580 1560 toti
591 1539 777 1570 properans
788 1529 946 1569 inponere
957 1529 1081 1560 mundo
1100 1553 1107 1559 .
1127 1552 1134 1559 .
1155 1553 1161 1559 .
1183 1529 1344 1565 Fortuna,
1358 1537 1382 1559 x
1398 1529 1462 1560 376
1477 1538 1526 1569 sq.
1543 1528 1702 1568 Hesperii

158 1581 302 1622 fortuna
334 1581 440 1618 ducis,
474 1591 557 1621 quae
590 1581 725 1612 sustulit
757 1580 855 1612 illum
876 1578 881 1623 Ι
900 1580 1113 1620 inposuitque
1145 1579 1225 1611 orbi.
1274 1579 1385 1611 multo
1419 1580 1532 1610 minus
1566 1580 1702 1620 proprie

167 1631 330 1663 Manilius
345 1631 482 1663 locutus
498 1634 562 1669 est,
579 1641 658 1662 cum
674 1631 781 1662 nihilo
797 1631 925 1662 maiore
940 1631 1012 1662 iure
1025 1630 1138 1662 Roma
1153 1630 1292 1661 Italiam
1310 1640 1415 1671 quam
1431 1630 1536 1661 Italia
1551 1630 1702 1662 Romam

168 1684 268 1715 terris
287 1684 492 1724 imposuisse
511 1682 657 1714 dicatur.
706 1682 765 1714 sed
785 1682 876 1713 hunc
890 1682 1086 1714 aemulatus
1105 1681 1261 1713 Valerius
1276 1681 1418 1713 Flaccus
1438 1681 1531 1713 mala
1549 1681 1705 1713 adfecta·

167 1736 262 1766 tione
285 1738 403 1766 actum
423 1735 568 1766 inuertit
587 1743 601 1766 1
620 1734 742 1771 563—5‚
763 1733 823 1765 ubi
843 1733 1003 1775 Iuppiter
1022 1744 1077 1765 me
1098 1733 1250 1774 primum
1273 1733 1379 1773 reaia
1403 1733 1541 1765 mundo
1562 1731 1567 1776 Ι
1589 1733 1704 1774 Iapeti

165 1789 243 1827 post
268 1785 353 1817 bella
376 1786 480 1817 trucis
506 1785 727 1826 Phleyraeque
754 1783 905 1828 labores}
940 1785 1139 1825 imposuit,
1166 1794 1254 1826 quae
1282 1784 1389 1816 uerba
1419 1784 1635 1817 Sudhausius
1667 1788 1704 1816 et

168 1837 360 1869 Kramerus
389 1847 425 1868 re
453 1847 524 1868 non
553 1837 730 1868 intellecta
759 1839 986 1878 corruperunt
1076 1837 1227 1877 caeloque
1255 1836 1451 1876 adiunyitur
1472 1836 1560 1876 ipsa,
1592 1836 1702 1867 Rutil.

170 1888 270 1920 Nam.
301 1897 314 1919 1
341 1889 450 1920 48—50
478 1888 564 1919 inter
590 1887 735 1919 sidereos
761 1887 869 1919 Roma
895 1890 1023 1928 recepta
1047 1887 1154 1927 polos,
1176 1885 1181 1930 Ι
1201 1887 1333 1925 exaudi,
1358 1887 1504 1927 yenetrix
1531 1887 1704 1919 hominum

168 1939 380 1980 qenetrixque
392 1939 527 1971 deorum
545 1949 555 1970 .·
577 1937 582 1982 Ι
601 1949 670 1970 non
679 1939 798 1979 procul
807 1949 829 1970 a
841 1938 930 1970 caelo
939 1948 1001 1979 per
1013 1942 1072 1970 tua
1084 1939 1207 1979 templa
1220 1948 1346 1970 sumus.
1394 1938 1447 1969 his
1458 1941 1576 1970 autem
1590 1938 1706 1970 uerbis

169 1991 392 2022 enuntiatum
408 1990 594 2022 relatiuum
611 1991 663 2022 ita
677 1990 903 2022 continuatur
917 1993 957 2021 ut
972 1990 1083 2021 oratio
1094 1989 1230 2021 relatiui
1241 1990 1456 2031 pronominis
1467 1989 1707 2027 obliuiscatur,

169 2043 260 2073 sicut
288 2050 332 2073 111
362 2042 473 2073 272-4
501 2050 589 2078 oras,
611 2039 617 2084 Ι
635 2051 719 2081 quas
743 2041 830 2081 riqat
845 2064 853 2072 .
872 2064 881 2072 .
899 2064 907 2072 .
925 2040 1031 2072 Nilus
1061 2044 1114 2072 et.
1133 2064 1141 2072 .
1160 2064 1168 2072 .
1186 2040 1339 2072 imitatur
1365 2040 1475 2072 sidera
1504 2041 1634 2078 mundi,
1665 2050 1705 2072 1v

169 2094 235 2125 894
258 2103 307 2134 sq.
333 2092 493 2129 homines,
518 2091 640 2133 quibus
657 2095 703 2123 est
726 2094 755 2123 et
776 2091 923 2123 mundus
946 2091 985 2123 in
1006 2091 1095 2132 ipsis
1115 2089 1121 2134 Ι
1141 2091 1388 2132 exemplumque
1411 2091 1464 2123 dei
1486 2092 1624 2132 quisque
1647 2096 1703 2130 est,

171 2153 192 2175 v
219 2145 328 2177 340-3
353 2144 427 2175 Ara
443 2168 451 2175 .
471 2167 477 2175 .
497 2167 505 2175 .
524 2167 533 2181 ‚
561 2143 600 2175 in
621 2153 688 2184 qua
712 2143 823 2175 deuoti
840 2167 847 2174 .
866 2167 874 2174 .
894 2167 901 2174 .
920 2142 1060 2174 cecidere
1079 2143 1227 2182 yiyantes
1247 2141 1252 2185 Ι
1270 2152 1328 2174 nec
1351 2143 1453 2183 prius
1478 2143 1625 2174 armauit
1641 2167 1648 2175 .
1668 2168 1675 2174 .
1694 2168 1701 2174 .

169 2197 316 2228 dextram
336 2193 342 2238 Ι
364 2195 522 2236 Iuppiter
537 2218 545 2226 .
564 2218 572 2226 .
591 2218 599 2226 .
617 2204 718 2235 quam
746 2194 891 2226 constitit
907 2218 914 2225 .
934 2218 941 2225 .
960 2218 968 2225 .
987 2194 1136 2226 sacerdos
1224 2194 1287 2225 696
1304 2198 1368 2226 hos
1386 2204 1470 2225 corr.
1494 2204 1586 2226 man.
1621 2195 1636 2226 1
1666 2199 1702 2232 G,

165 2252 232 2280 hoc
250 2251 334 2279 GLM
423 2249 587 2285 orbisque
606 2249 642 2277 et
660 2249 907 2283 uocandusque
927 2248 1008 2277 ante
1027 2255 1111 2277 corr.
1132 2250 1177 2283 M,
1197 2245 1289 2277 unde
1307 2245 1511 2277 eliciendum
1530 2256 1600 2278 non
1618 2249 1705 2288 puto

166 2301 353 2339 pontusque
369 2296 529 2338 orbisque,
547 2297 612 2328 etsi
629 2306 725 2337 quem
742 2307 774 2328 u.
791 2297 855 2328 697
873 2295 919 2327 ad
936 2295 1054 2328 orbem
1072 2296 1188 2338 potius
1206 2306 1311 2337 quam
1329 2296 1375 2327 ad
1392 2299 1541 2338 pontum
1558 2297 1706 2328 refertur

258 2359 321 2390 pro
348 2348 520 2380 uocandus
547 2348 727 2379 Dulcinius
755 2350 791 2379 et
818 2347 968 2388 Scaliger
994 2350 1031 2379 et
1058 2350 1138 2389 post
1165 2357 1245 2379 eum
1274 2358 1392 2379 omnes
1420 2358 1529 2389 paene
1556 2348 1706 2380 editores

171 2400 338 2432 notandus
362 2403 630 2442 supposuerunt,
657 2399 766 2431 donec
791 2398 875 2430 illud
902 2408 1001 2440 posse
1026 2399 1155 2430 seruari
1181 2398 1341 2437 Iacobus,
1368 2398 1491 2430 debere
1517 2399 1706 2431 Bechertus

170 2451 351 2483 intellexit.
400 2451 457 2483 hos
472 2452 511 2483 in
518 2452 607 2493 fines
621 2451 803 2488 uocandus,
816 2451 863 2481 sic
874 2449 1059 2488 finiendus,
1074 2450 1110 2482 in
1125 2453 1295 2491 quattuor
1309 2451 1420 2481 maria
1433 2453 1469 2481 et
1484 2453 1553 2482 tres
1568 2450 1707 2482 tellures

171 2501 375 2543 redigendus
400 2512 440 2533 ac
464 2501 530 2533 sub
553 2501 620 2533 hac
643 2501 756 2533 forma
780 2500 1078 2542 contemplandus.
1171 2501 1233 2532 697
1259 2511 1321 2542 pro
1346 2504 1374 2532 et
1398 2501 1504 2532 tacite
1529 2501 1706 2533 Bentleius

168 2563 230 2594 per
244 2552 468 2594 sequentibus
484 2552 612 2584 Iacobo
628 2555 664 2584 et
680 2552 947 2594 Wageningeno,
964 2562 1070 2592 quam
1085 2551 1319 2583 coniecturam
1336 2562 1455 2583 uereor
1473 2555 1513 2584 ut
1533 2552 1707 2584 Breiterus

171 2604 256 2636 satis
283 2603 445 2635 refutarit
471 2603 536 2635 hac
564 2603 877 2645 argumentatione,
908 2602 916 2616 ‘
931 2606 959 2634 et
985 2603 1031 2634 ist
1056 2613 1098 2634 zu
1123 2602 1242 2634 halten
1257 2603 1278 2640 '‚
1306 2603 1508 2644 praesertim
1535 2613 1614 2634 cum
1642 2604 1706 2636 807

171 2654 343 2686 habeatur
367 2654 414 2685 sic
439 2654 554 2686 diuisa
577 2657 689 2686 manet
710 2654 807 2685 tellus
826 2663 889 2694 per
907 2653 1020 2685 sidera
1041 2656 1168 2691 cuncta,
1193 2662 1221 2685 11
1238 2654 1302 2686 453
1326 2654 1458 2685 diuisas
1480 2653 1626 2685 hominis
1646 2665 1707 2695 per

171 2706 285 2738 sidera
307 2707 429 2746 partes.
478 2715 598 2736 uerum
625 2708 754 2742 tamen,
778 2705 844 2736 etsi
870 2704 937 2736 alio
960 2704 1064 2736 modo
1090 2705 1129 2736 in
1151 2707 1274 2745 partes,
1302 2704 1369 2736 alio
1395 2704 1434 2736 in
1459 2705 1593 2746 sinqula
1618 2709 1710 2737 astra

171 2756 264 2789 orbis
287 2755 397 2788 diuidi
420 2755 558 2793 dicitur,
581 2755 673 2787 idem
696 2755 762 2788 sibi
784 2756 942 2797 permisit
966 2754 1146 2797 Vergilius,
1165 2758 1206 2787 ut
1228 2756 1365 2787 uariata
1388 2756 1422 2787 ui
1445 2756 1710 2798 praepositionis

171 2809 256 2840 haec
284 2807 449 2839 scriberet
477 2807 561 2839 Aen.
585 2814 653 2838 v111
681 2807 745 2839 385
773 2816 837 2848 sq„
865 2816 949 2847 quae
976 2807 1108 2838 moenia
1134 2807 1260 2838 clausis
1281 2805 1286 2849 Ι
1299 2806 1429 2848 serrum
1457 2810 1579 2839 acuant
1602 2808 1711 2848 portis
