1872 3183
145 143 202 182 26
736 139 798 182 M.
832 140 1085 183 MANILII

308 249 471 291 artibus
490 249 700 300 instituet,
722 265 798 292 nec
819 255 910 292 tam
929 251 1166 306 conpendia
1185 266 1334 294 census

308 339 438 379 quam
458 339 607 366 causas
625 324 820 380 uiresque
840 325 963 367 dabit
980 326 1219 381 perquirere
1238 341 1390 368 rerum.

306 399 378 440 illa
399 399 526 441 decus
544 399 711 454 linguae
731 399 860 441 faciet
879 413 1139 455 regnumque
1157 400 1357 456 loquendi

184 481 250 512 195
306 478 436 527 atque
456 473 599 515 oculos
619 473 786 523 mentis,
809 473 883 528 qui
901 474 1066 529 possint
1084 489 1251 517 cernere
1270 481 1426 518 cuncta

307 547 503 602 quamuis
523 547 698 590 occultis
717 553 896 590 naturae
916 549 1089 590 condita
1108 549 1256 591 causis.

306 622 403 664 hinc
423 627 466 663 et
486 621 665 677 scriptor
685 622 766 664 erit
785 622 923 673 uelox,
945 623 1013 665 cui
1032 623 1175 665 littera
1193 624 1372 666 uerbum
1392 629 1457 666 est

307 696 463 751 quique
483 696 596 738 notis
614 696 803 752 linguam
821 702 992 753 superet
1013 698 1251 754 cursimque
1270 699 1483 754 loquentis

306 771 491 826 excipiat
509 771 655 826 longas
674 785 787 813 noua
806 786 880 827 per
900 772 1151 828 compendia
1169 787 1306 815 uoces.

184 852 251 884 200
311 846 355 887 in
375 845 482 887 uitio
503 845 615 887 bona
637 852 761 888 sunt:
785 852 953 889 teneros
975 847 1112 901 pudor
1132 847 1296 902 inpedit
1318 863 1462 897 annos,

139 1003 225 1036 leius
249 1005 404 1046 negauit3
434 1004 494 1036 sed
512 1005 589 1037 uult
609 1008 714 1047 poeta
730 1005 905 1047 Virginem
927 1006 979 1037 ita
1000 1008 1154 1037 moratos
1170 1005 1327 1037 homines
1341 1016 1458 1038 creare
1481 1008 1522 1037 ut
1538 1005 1689 1037 libenter

144 1055 311 1088 studeant
403 1056 464 1088 192
484 1057 672 1097 conpendia
690 1066 818 1095 census,
841 1058 881 1088 19
901 1057 1026 1089 damna
1045 1060 1073 1088 et
1092 1057 1289 1098 compendia
1306 1068 1426 1095 rerum,
1447 1057 1532 1089 Gell.
1553 1066 1583 1088 Π
1603 1057 1643 1088 27
1665 1057 1686 1088 5

143 1111 281 1147 quaestu
297 1111 393 1148 atque
408 1108 602 1148 compendio
617 1108 811 1148 yloriarum,
829 1109 947 1147 Quint.
966 1108 1050 1140 decl.
1069 1109 1134 1141 345
1150 1108 1202 1140 ed.
1222 1108 1350 1140 Ritteri
1366 1119 1398 1150 p.
1417 1109 1482 1141 362
1499 1107 1688 1148 excoyitasti

144 1169 211 1190 non
242 1159 401 1190 mediocre
418 1184 425 1190 .
445 1184 452 1191 .
472 1184 479 1191 .
496 1160 698 1200 patrimonii
729 1160 829 1191 etiam
859 1161 921 1198 tui,
952 1170 1028 1191 cum
1058 1160 1187 1200 alioqui
1217 1159 1409 1198 abundaret,
1441 1159 1684 1201 compendium.

144 1211 384 1242 accusatiuum
402 1214 441 1242 ut
460 1221 480 1241 a
497 1210 604 1242 dandj
621 1211 728 1243 uerbo
745 1211 894 1253 pendere
911 1214 1035 1253 putem
1051 1211 1187 1242 faciunt
1204 1221 1323 1242 uersus
1343 1212 1383 1242 18
1400 1221 1464 1252 sq.:
1495 1210 1630 1242 accedit
1646 1213 1688 1242 ut

142 1261 349 1303 compendia
363 1272 433 1293 non
449 1265 522 1294 tam
535 1262 775 1304 perquiramus
790 1272 896 1303 quam
911 1265 1110 1304 repetamus
1125 1262 1214 1303 (Tib.
1231 1271 1245 1293 1
1259 1263 1279 1294 3
1295 1263 1363 1302 39),
1379 1265 1560 1304 captemus
1571 1260 1681 1303 (Suet.

143 1312 217 1345 Tib.
240 1314 283 1344 48
300 1314 346 1353 2),
365 1323 552 1355 sequamur
568 1313 671 1354 (Stat.
693 1313 800 1345 Theb.
820 1323 849 1345 11
873 1315 952 1354 658)
1045 1314 1107 1344 194
1131 1317 1194 1346 illa
1216 1318 1249 1345 M
1275 1314 1350 1345 cod.
1370 1314 1536 1351 Venetus,
1553 1316 1614 1345 ille
1637 1316 1687 1344 GL

233 1364 292 1395 195
315 1368 445 1396 mentis
467 1368 528 1402 qui
548 1369 594 1403 M,
615 1368 726 1397 menti
744 1375 815 1403 qua
836 1369 886 1397 GL
906 1365 980 1397 cod.
997 1365 1162 1404 Venetus,
1184 1365 1287 1397 menti
1308 1365 1385 1406 quis
1408 1365 1597 1407 Pingraeus

186 1419 325 1454 possint
342 1416 531 1455 Bentleius,
552 1420 666 1455 possit
684 1417 763 1448 libri
855 1417 914 1457 qui
931 1417 1137 1448 aduerbium
1154 1417 1249 1458 apud
1265 1417 1446 1448 Manilium
1467 1426 1539 1448 non
1559 1418 1661 1447 extat
1675 1427 1684 1453 ;

144 1478 210 1508 qua
222 1479 284 1509 pro
296 1468 417 1508 quibus
429 1469 536 1500 oculis
548 1468 787 1510 accipiendum
801 1469 877 1507 erit,
892 1469 985 1510 quod
998 1469 1154 1510 proxime
1167 1468 1396 1510 praecedente
1409 1468 1536 1499 mentis
1547 1467 1688 1499 nomine

143 1529 212 1551 non
224 1519 325 1551 facile
339 1520 388 1551 fit.
436 1530 549 1561 neque
562 1524 643 1562 post
655 1521 753 1552 decus
766 1520 900 1560 linquae
912 1523 948 1551 et
961 1531 1098 1560 reqnum
1111 1520 1266 1561 loquendi
1278 1523 1352 1551 tam
1365 1520 1532 1551 concinne
1545 1518 1688 1550 datiuus

141 1571 285 1612 ponitur
305 1581 411 1612 quam
432 1572 626 1613 genetimrs,
643 1573 703 1613 qui
724 1571 874 1603 habetur
894 1573 1001 1603 etiam
1022 1582 1054 1603 u.
1079 1573 1143 1603 875
1163 1581 1306 1612 quosque
1325 1571 1414 1603 dedit
1433 1574 1558 1602 natura
1576 1570 1688 1602 oculos

140 1621 300 1662 deponere
325 1623 445 1654 mentis
538 1623 689 1654 197-199
714 1622 791 1655 Sen.
819 1633 872 1664 ep.
900 1623 942 1654 90
968 1624 1010 1653 25
1045 1622 1127 1663 quid
1155 1623 1307 1663 (loquar)
1337 1622 1538 1654 uerborum
1562 1625 1688 1662 notas,

141 1673 261 1713 quibus
293 1674 451 1714 quamuis
495 1674 616 1705 citata
664 1674 860 1714 excipitur
893 1674 1016 1705 oratio
1064 1677 1092 1705 et
1137 1674 1333 1705 celeritatem
1367 1674 1524 1714 linquae
1564 1682 1688 1704 manus

142 1726 289 1765 ⁴§equitur
307 1727 332 1763 9,
349 1725 443 1758 Suet.
463 1725 531 1757 Tit.
548 1727 568 1757 3
584 1727 604 1756 2
621 1736 636 1757 e
646 1726 805 1766 pluribus
818 1726 963 1765 comperi
977 1725 1080 1756 notis
1098 1735 1224 1766 quoque
1242 1725 1416 1764 excipere
1440 1724 1687 1756 uelocissime

140 1776 287 1814 solitum,
313 1776 415 1808 Mart.
441 1786 505 1808 XIV
530 1778 595 1808 208
625 1787 831 1809 NOTARlvs:
869 1780 1027 1808 currant
1051 1776 1166 1808 uerba
1191 1776 1275 1814 licet,
1302 1786 1424 1807 manus
1450 1778 1496 1807 est
1519 1775 1689 1807 uelocior

139 1827 211 1859 illis
231 1837 241 1858 .·
263 1826 267 1870 Ι
287 1828 437 1860 nondum
455 1828 592 1868 linqua
609 1838 720 1866 suum,
739 1829 853 1860 dextra
871 1828 996 1869 pcreqit
1016 1837 1102 1867 opus
1125 1827 1232 1869 (idem
1249 1837 1273 1859 X
1292 1829 1333 1859 62
1352 1829 1372 1858 4
1390 1827 1543 1859 notarius
1560 1826 1685 1867 uelox),

140 1879 269 1910 Auson.
292 1880 355 1910 146
373 1879 482 1921 (Peip.
502 1890 559 1921 pp.
582 1881 622 1911 12
647 1881 715 1921 sq.)
742 1881 756 1911 1
782 1890 832 1921 sq.
852 1890 949 1919 puer,
973 1883 1127 1911 notarum
1146 1883 1344 1919 praepetum
1365 1879 1369 1922 Ι
1389 1879 1502 1911 sollers
1523 1878 1688 1917 minister,

139 1931 274 1969 aduola,
286 1932 352 1962 4—ss
363 1931 419 1962 cui
431 1931 538 1962 multa
543 1931 647 1972 fandi
658 1932 757 1972 copia
778 1930 782 1975 Ι
800 1932 937 1971 punctis
946 1935 1082 1971 peracta
1092 1931 1238 1972 sinyulis
1259 1929 1263 1974 Ι
1283 1934 1320 1962 ut
1332 1941 1403 1962 una
1413 1941 1479 1962 uox
1490 1930 1687 1968 absoluitur,

143 1982 247 2014 18-21
267 1983 388 2014 sentire
404 1986 473 2014 tam
490 1983 586 2015 uelox
603 1983 689 2014 milii
709 1981 714 2026 Ι
734 1983 852 2014 uellem
868 1983 1009 2015 dedis-set
1026 1993 1119 2014 mens
1136 1993 1210 2014 mea
1231 1981 1235 2026 Ι
1255 1992 1355 2023 quam
1370 1981 1540 2022 praepetis
1557 1981 1689 2013 dextrae

135 2033 224 2074 *su-qa
245 2032 250 2076 Ι
269 2037 306 2064 tu
324 2044 376 2065 me
395 2033 606 2074 loquentem
628 2035 852 2074 praeuerti-s,
873 2035 912 2066 31
935 2044 985 2075 sq.
1007 2044 1065 2065 nec
1085 2034 1157 2065 ulla
1175 2037 1244 2065 tam
1270 2034 1382 2065 uelox
1408 2042 1531 2065 manus
1552 2031 1557 2066 Ι
1576 2033 1686 2065 celeri-

140 2085 236 2124 pedis
254 2085 485 2125 compendii,
502 2085 606 2117 Prud.
623 2086 741 2127 perist.
757 2095 796 2117 ix
812 2087 854 2117 23
872 2095 921 2126 sq.
938 2085 1039 2116 uerba
1051 2085 1139 2116 notis
1156 2084 1311 2116 breuibus
1324 2084 1553 2125 comprendere
1569 2087 1689 2115 cuncta

140 2137 269 2175 peritus
290 2135 294 2180 Ι
314 2137 502 2178 raptimque
516 2138 653 2176 punctis
666 2137 755 2169 dicta
767 2137 982 2177 praepetibus
997 2137 1101 2177 sequi,
1119 2147 1224 2168 carm.
1242 2137 1348 2178 epigr.
1368 2136 1497 2168 Buech.
1516 2136 1582 2167 219
1600 2136 1687 2167 12—ss

142 2188 212 2219 iam
235 2188 348 2219 doctus
380 2188 418 2219 in
440 2188 668 2228 compendia
689 2187 694 2230 Ι
714 2191 757 2220 tot
781 2188 966 2220 litterarum
989 2191 1018 2219 et
1040 2188 1217 2220 nominum
1238 2186 1243 2229 Ι
1263 2191 1376 2219 notare
1398 2188 1546 2219 currenti
1566 2187 1654 2225 stilo,
1678 2185 1683 2229 Ι

141 2242 217 2280 quot
238 2239 374 2280 linqua
395 2249 552 2271 currens
573 2240 700 2272 diceret.
725 2239 730 2283 Ι
750 2240 818 2271 iam
850 2250 945 2271 nemo
970 2243 1169 2279 superaret
1191 2239 1298 2280 legens
1390 2239 1452 2270 198
1472 2249 1540 2270 om.
1564 2242 1598 2270 M

185 2294 345 2329 linguam
369 2290 445 2328 ΕΠ,
467 2294 603 2330 liquam
628 2295 652 2323 Ι.
744 2292 806 2322 199
831 2301 931 2323 noua.
980 2291 1063 2322 Isid.
1092 2291 1175 2332 orig.
1203 2299 1217 2322 1
1243 2291 1286 2321 22
1309 2301 1353 2322 ex
1371 2290 1538 2323 Suetonio
1561 2288 1687 2321 Romae

140 2341 275 2380 primus
326 2342 462 2374 Tullius
498 2342 580 2374 Tiro
614 2342 786 2374 Ciceronis
819 2342 955 2374 libertus
987 2345 1190 2374 commentus
1228 2345 1274 2372 est
1310 2344 1418 2378 notas,
1460 2341 1516 2372 sed
1555 2343 1687 2372 tantum

140 2394 439 2433 praepositionum.
487 2398 563 2435 post
616 2405 691 2426 eum
744 2395 932 2434 Vipsanius
974 2394 1134 2435 filarqius
1183 2393 1406 2434 (PMlayrim,
1448 2392 1687 2433 Philarqyrus)

142 2447 171 2475 et
203 2445 332 2485 Aquila
360 2445 496 2477 libertus
524 2445 734 2477 Maecenatis
766 2446 857 2477 alius
888 2445 978 2477 alias
1011 2445 1221 2482 addiderunt,
1256 2444 1348 2476 Plut.
1386 2444 1460 2476 Cat.
1485 2444 1568 2475 min.
1593 2444 1635 2476 23
1665 2444 1687 2475 2

141 2498 252 2527 τοῦτον
280 2498 373 2535 μόνον
406 2499 447 2528 ὦν
480 2499 597 2528 Κάτων
629 2499 699 2529 εἶπε
731 2499 943 2535 διασῴζεσθαί
974 2502 1055 2536 φασι
1084 2498 1138 2528 τὸν
1166 2497 1266 2536 λόγον
1296 2496 1403 2536 (anno
1434 2495 1476 2527 63
1508 2494 1687 2533 habitum)

143 2548 327 2588 Κικέρωνοσ
347 2551 403 2580 τοῦ
423 2550 546 2580 ὑπάτου
568 2551 646 2580 τοὺο·
672 2550 886 2590 διαφέροντασ
904 2550 1029 2587 ὀξύτητι
1053 2550 1115 2579 τῶν
1132 2548 1283 2588 ’γραφέων
1300 2549 1416 2586 σημεῖα
1434 2547 1687 2588 προδιδάξαντοσ

143 2602 175 2630 ἐν
209 2601 335 2640 μικροΐσ
365 2601 417 2631 καὶ
447 2601 587 2640 βραχέσι
619 2602 736 2631 τύποιο·
767 2602 898 2631 πολλῶν
930 2601 1127 2640 ’γραμμάτων
1159 2601 1278 2638 ἔχοντα
1310 2600 1452 2638 δύναμιν,
1490 2598 1547 2629 εἶτ’
1584 2599 1684 2629 ἄλλον

142 2652 308 2690 ἀλλαχόσε
330 2653 387 2682 τοῦ
409 2652 635 2692 βουλευτηρίου
658 2653 824 2692 σποράδην
849 2652 1061 2691 ἐμβαλὸντοσ.
1111 2652 1198 2681 οὔπω
1218 2651 1282 2691 ’γὰρ
1299 2652 1415 2688 ἤσκουν
1432 2649 1497 2681 οὐδ’
1515 2649 1684 2688 ἐκέκτηντο

140 2703 218 2733 ‘rotho'
254 2703 473 2740 καλουμένουσ
512 2705 785 2743 σημειογράφουσ,
821 2704 907 2734 ἀλλὰ
942 2704 1014 2733 τότε
1048 2703 1172 2742 πρῶτον
1207 2703 1257 2732 εἰο-
1292 2703 1387 2741 ἴχνοσ
1422 2713 1452 2732 τι
1485 2701 1684 2739 καταστῆναι

141 2754 293 2793 λέγουσιν
382 2754 447 2785 200
468 2758 560 2786 bona
585 2758 670 2786 sunt
697 2753 836 2785 Ellisius
865 2756 958 2784 noct.
985 2753 1077 2784 Man.
1106 2763 1140 2794 p.
1171 2753 1246 2790 120,
1275 2756 1385 2785 bonas
1410 2755 1452 2784 ut
1477 2755 1546 2788 LM,
1572 2754 1684 2783 bonus

143 2808 183 2836 ut
228 2803 290 2835 GL²
380 2805 419 2836 in
469 2805 566 2843 uitio,
613 2805 752 2842 uitiosa,
799 2804 1096 2845 quemadmodum
1137 2804 1267 2845 passim
1315 2803 1444 2835 dicitur
1487 2803 1525 2835 ln
1563 2802 1681 2842 pretio.

142 2855 210 2887 Cic.
245 2855 287 2886 de
320 2854 378 2886 fin.
414 2864 437 2887 v
470 2857 509 2888 31
546 2856 603 2887 hoc
628 2856 760 2897 quidem
786 2859 832 2887 est
861 2856 898 2887 in
928 2855 1024 2893 uitio,
1054 2855 1306 2887 dissolutionem
1330 2857 1471 2886 naturae
1492 2856 1561 2885 tam
1584 2853 1685 2886 ualde
