1872 3183
585 152 1072 196 ASTRONOMICON
1104 152 1169 194 IV
1598 156 1623 194 3

253 267 297 303 et
315 275 529 303 summum
547 275 695 302 census
714 261 898 316 pretium
918 266 982 302 est
1001 260 1214 302 effundere
1233 274 1404 302 censum
1424 262 1438 302 2

252 335 415 385 soluite,
437 335 649 384 mortales,
671 335 833 376 animos
851 349 1056 390 curasque
1075 334 1214 376 leuate

255 415 405 464 totque
424 409 693 464 superuacuis
713 409 849 451 uitam
869 408 1034 464 deplete
1053 408 1257 463 querellis.

253 483 344 525 fata
363 487 514 538 regunt
533 483 689 532 orbem,
710 488 825 524 certa
845 488 963 524 stant
982 483 1122 524 omnia
1142 482 1230 537 lege

155 565 199 596 15
254 557 460 612 longaque
479 572 553 612 per
571 561 707 598 certos
726 557 945 612 signantur
964 562 1155 612 tempora
1174 571 1308 598 casus.

254 636 472 673 nascentes
492 631 706 680 morimur,
728 631 905 685 finisque
924 631 979 672 ab
999 631 1155 686 origine
1174 630 1343 686 pendet.

254 705 349 747 hinc
370 710 413 746 et
433 719 532 760 opes
552 709 595 746 et
615 719 741 760 regna
761 705 900 746 fluunt
919 710 975 755 et,
996 705 1162 760 saepius
1181 710 1288 754 orta,

253 784 494 834 paupertas,
515 783 712 834 artesque
731 779 858 820 datae
878 793 1097 834 moresque
1115 779 1266 820 creatis

253 858 297 895 et
315 853 420 895 uitia
440 858 483 894 et
502 853 659 903 laudes,
681 853 837 895 damna
856 858 899 894 et
918 853 1168 908 compendia
1188 867 1340 894 rerum.

153 935 198 966 20
254 942 378 969 nemo
397 942 536 969 carere
555 927 658 968 dato
677 928 835 982 poterit
854 942 929 969 nec
950 927 1103 969 habere
1122 932 1324 983 negatum

255 1002 524 1043 fortunamue
544 1002 629 1042 suis
648 1001 829 1043 inuitam
848 1001 1050 1056 prendere
1069 1001 1182 1043 uotis

255 1080 331 1118 aut
350 1076 491 1131 fugere
510 1076 742 1117 instantem
763 1090 771 1118 :
807 1091 894 1117 sors
914 1081 979 1117 est
998 1090 1074 1117 sua
1093 1075 1244 1130 cuique
1263 1075 1448 1117 ferenda.

96 1213 249 1250 emimuS,
267 1212 404 1244 luxuria
421 1213 665 1253 consequimur
682 1216 722 1244 ut
739 1216 875 1245 nostras
894 1223 975 1254 opes
997 1213 1164 1255 diripiant
1181 1212 1239 1245 alii
1346 1213 1384 1243 11
1404 1212 1495 1244 Petr.
1518 1213 1579 1244 120
1598 1212 1640 1244 86

96 1264 268 1296 luxuriam
287 1264 470 1305 spoliorum
490 1267 518 1295 et
536 1274 671 1296 censum
685 1264 724 1295 iri
740 1265 864 1296 damna
875 1264 1042 1306 furentem
1133 1264 1172 1295 13
1190 1267 1328 1302 deplete
1342 1264 1501 1306 Scaliger,
1515 1267 1641 1296 deflere

94 1316 184 1354 libri,
202 1316 300 1347 cuius
315 1316 412 1347 uerbi
427 1326 488 1347 nec
501 1315 650 1347 formam
665 1317 776 1347 oratio
790 1327 851 1347 nec
869 1317 1046 1347 notionem
1061 1316 1234 1347 sententia
1252 1316 1394 1357 recipit,
1420 1325 1532 1357 neque
1545 1315 1637 1345 enim

94 1377 175 1399 eum
194 1366 280 1398 fletu
299 1366 389 1398 fiunt
408 1367 472 1398 hae
493 1377 582 1407 quae
602 1367 678 1398 tolli
698 1367 864 1398 iubentur
883 1367 1064 1408 querellae.
1113 1366 1263 1409 Scaliger
1288 1367 1410 1398 attufit
1436 1366 1524 1399 Stat.
1553 1366 1640 1398 Ach.

98 1426 112 1450 1
136 1419 156 1450 8
177 1428 228 1459 sq.
252 1418 283 1449 si
304 1421 443 1449 ueterem
465 1418 564 1458 diyrio
586 1418 795 1459 depleaimus
817 1418 1027 1459 (defleziimus
1048 1417 1122 1449 cod.
1148 1419 1271 1458 Brux.)
1293 1418 1425 1456 haustu,
1448 1416 1453 1460 Ι
1472 1418 1517 1450 da
1531 1417 1644 1459 fontes

97 1469 193 1506 mihi,
218 1469 355 1507 Phoebe,
380 1479 495 1507 nouos,
519 1469 578 1501 ubi
601 1480 672 1501 non
693 1469 848 1501 eiusdem
870 1470 1002 1511 generis
1025 1469 1201 1501 ablatiuus
1223 1473 1300 1506 est3
1335 1469 1489 1501 eiusdem
1512 1469 1593 1501 Luc.
1619 1478 1641 1500 v

96 1522 161 1554 333
186 1520 345 1552 exhausta
369 1545 376 1551 .
396 1544 404 1552 .
424 1544 432 1551 .
458 1521 623 1560 sanquine
646 1520 743 1552 turba
833 1520 874 1550 14
898 1520 997 1562 Diog.
1024 1520 1138 1552 Laert.
1165 1530 1217 1552 vn
1245 1521 1306 1552 149
1343 1521 1412 1552 καθ’
1452 1522 1640 1561 εἱμαρμένην

96 1574 131 1603 δέ
168 1577 249 1611 φασι
287 1573 327 1602 τὰ
366 1572 473 1603 πάντα,
510 1573 656 1611 ’γίνεσθαι
685 1574 881 1612 Χρύσιπποσ
906 1596 913 1603 .
941 1597 946 1603 .
975 1596 983 1603 .
1010 1574 1063 1603 καὶ
1101 1573 1315 1603 Ποσειδώνιοσ·
1340 1596 1347 1603 .
1374 1596 1380 1602 .
1409 1595 1417 1603 .
1443 1574 1495 1603 καὶ
1534 1573 1641 1610 Ζήνων

188 1622 225 1653 15
243 1631 346 1654 casus
363 1626 435 1661 GM,
453 1632 575 1654 cursus
588 1625 621 1655 L.
664 1632 678 1654 1
692 1624 734 1655 53
751 1632 802 1664 sq.
822 1623 957 1663 singula
973 1633 1053 1654 nam
1066 1623 1205 1664 proprio
1226 1623 1439 1663 siqnarunt
1468 1626 1643 1664 tempora

93 1684 190 1706 casu
210 1672 215 1716 Ι
235 1674 353 1714 lonqa
375 1684 437 1715 per
461 1674 619 1706 assiduas
643 1674 806 1715 complexi
832 1674 991 1705 saecula
1016 1684 1114 1705 curas
1140 1673 1380 1706 mathematici
1406 1677 1541 1706 ueteres

141 1725 180 1756 16
201 1725 310 1758 O.1.L.
333 1734 361 1757 ΙΙ
381 1726 479 1763 4426,
500 1735 605 1757 carm.
626 1726 732 1767 epigr.
756 1725 884 1757 Buech.
910 1726 1005 1763 1489,
1027 1725 1140 1766 aspice
1164 1735 1265 1766 quam
1289 1725 1397 1757 subito
1416 1728 1536 1757 marcet
1555 1725 1642 1766 quod

90 1776 210 1818 floruit
230 1779 317 1814 ante,
340 1775 345 1820 Ι
363 1777 477 1817 aspice
496 1787 597 1817 quam
618 1776 725 1808 subito
745 1777 832 1817 quod
852 1777 938 1808 stetit
966 1779 1042 1808 ante
1062 1777 1160 1808 cadit.
1184 1775 1189 1819 Ι
1209 1779 1419 1808 nascentes
1452 1778 1642 1809 morimur

91 1827 277 1869 finisque
301 1827 346 1859 ab
370 1828 526 1867 oriyirze
542 1827 696 1868 pendet.
746 1827 897 1859 eundem
911 1838 1050 1859 uersum
1065 1827 1301 1870 subscriptum
1314 1827 1422 1860 habet
1435 1829 1543 1860 etiam
1555 1828 1644 1860 alter

96 1878 222 1910 titulus
239 1878 348 1911 C.I.L.
370 1887 410 1909 XI
430 1878 517 1910 3273
538 1879 649 1910 iustas
669 1878 714 1910 ob
735 1888 858 1910 causas
880 1878 1006 1911 Orellio
1027 1879 1242 1911 Mommseno
1264 1879 1473 1911 Buechelero
1495 1879 1643 1911 ficticiu³

95 1930 201 1962 uisus.
250 1929 328 1962 Sen.
348 1929 428 1961 dial.
450 1938 464 1961 1
481 1931 502 1961 5
522 1931 541 1962 7
555 1929 633 1971 fata
651 1940 712 1960 rios
730 1929 856 1962 ducunt
875 1933 903 1961 et
920 1933 1083 1970 quantum
1101 1930 1221 1971 cuique
1238 1931 1395 1972 temporis
1413 1933 1512 1962 restat
1527 1931 1643 1972 prima

97 1980 307 2013 nascentiam
323 1980 404 2012 hora
419 1981 597 2021 dispo-suit,
616 1989 654 2012 VI
673 1981 713 2012 10
730 1982 750 2012 5
767 1981 798 2012 si
814 1984 981 2012 mortuum
997 1981 1058 2013 tibi
1068 1981 1185 2022 filium
1203 1981 1302 2020 doles,
1316 1982 1389 2014 eius
1404 1982 1562 2023 temporis
1577 1992 1642 2023 quo

97 2035 198 2064 natus
217 2035 262 2063 est
280 2031 405 2063 crimen
430 2034 475 2063 est
490 2041 503 2067 ,·
533 2041 621 2063 mors
640 2031 729 2063 enim
747 2032 802 2063 illi
819 2032 1017 2064 denuntiata
1034 2033 1185 2064 nascenti
1203 2035 1259 2070 est,
1279 2032 1405 2064 remed.
1426 2033 1561 2065 fortuit.
1583 2034 1603 2064 2
1623 2033 1643 2064 2

97 2083 248 2115 nascenti
263 2082 349 2114 milii
362 2083 519 2124 protinus
534 2085 658 2114 natura
672 2083 786 2123 posuit
803 2083 890 2115 hunc
906 2084 1097 2121 terminum,
1116 2083 1187 2115 H.f.
1208 2084 1273 2115 874
1286 2084 1402 2125 prima
1424 2094 1509 2125 quae
1535 2084 1644 2116 uitam

96 2133 185 2166 dedit
202 2133 283 2165 hora
298 2133 417 2174 carpit,
436 2133 520 2166 Oed.
539 2134 602 2166 987
621 2143 671 2174 sq.
690 2134 806 2165 omnia
823 2137 905 2166 secto
923 2134 1054 2165 tramite
1071 2134 1201 2166 uadunt
1222 2133 1227 2177 Ι
1246 2135 1444 2175 primusque
1462 2135 1533 2167 dies
1553 2134 1645 2167 dedit

93 2188 286 2222 extremum,
299 2184 359 2217 Sil.
378 2193 422 2216 111
441 2186 504 2217 135
522 2188 765 2225 extremumque
780 2185 869 2216 diem
883 2185 1019 2225 primus
1035 2185 1123 2223 tulit,
1142 2185 1246 2217 Hom.
1262 2185 1303 2218 ΙΙ.
1323 2194 1375 2217 XX
1392 2186 1453 2218 127
1466 2196 1531 2227 sq.,
1546 2195 1645 2218 XXIII

95 2237 139 2268 78
157 2246 222 2277 sq.,
241 2244 334 2267 xxrv
351 2236 416 2269 209
433 2245 484 2277 sq.
587 2236 625 2267 17
639 2238 720 2267 hinc
737 2236 813 2268 cod.
833 2236 922 2268 Flor.
942 2239 978 2268 et
995 2236 1158 2274 Huetius‚
1178 2240 1263 2268 tunc
1281 2240 1364 2268 GLM
1456 2236 1495 2267 18
1513 2240 1643 2270 creatis

96 2292 167 2326 LM,
184 2290 296 2320 creati
311 2287 387 2320 GL2.
433 2287 519 2319 illud
536 2287 676 2319 reduxit
695 2288 873 2320 Bentleius
890 2288 1025 2319 collatis
1042 2297 1081 2320 IV
1098 2289 1162 2320 533
1179 2298 1230 2329 sq.
1249 2288 1478 2329 yemiriamque
1494 2290 1612 2321 creatis
1636 2289 1641 2332 Ι

99 2343 234 2372 mortem
249 2339 326 2381 fata
342 2338 478 2377 dabunt,
500 2347 523 2370 v
546 2339 608 2371 199
629 2349 680 2380 sq.
703 2349 799 2370 arma
818 2339 936 2371 creatis
957 2337 962 2381 Ι
981 2339 1131 2371 uenandi
1150 2339 1290 2372 tribuit:
1323 2339 1413 2372 adde
1434 2339 1536 2382 Prop.
1551 2349 1579 2372 11
1600 2342 1644 2372 22

99 2393 138 2423 17
169 2391 351 2432 unicuique
379 2391 468 2423 dedit
496 2391 622 2422 uitium
644 2394 768 2423 natura
796 2394 901 2422 creato
994 2390 1033 2421 19
1061 2394 1185 2423 laudes
1215 2390 1376 2430 Iacobus,
1405 2395 1523 2424 clades
1552 2392 1641 2424 libri.

97 2441 256 2473 cladibus
280 2441 428 2473 felicitas
447 2442 622 2474 contraria
640 2442 803 2484 ponenda
821 2445 920 2474 erat:
952 2452 1045 2474 nunc
1064 2442 1160 2474 uitiis
1179 2446 1262 2484 apte
1281 2442 1492 2485 respondent
1510 2443 1642 2481 laudes,

99 2496 140 2525 ut
158 2493 226 2525 Cic.
245 2492 316 2524 n.d.
337 2502 365 2524 11
383 2494 425 2525 72
443 2493 492 2524 ita
503 2493 633 2534 facturn
652 2497 697 2525 est
714 2494 753 2526 in
769 2494 998 2535 superstitioso
1016 2496 1045 2525 et
1067 2493 1219 2534 reliyioso
1236 2494 1377 2526 alterum
1394 2494 1494 2526 uitii
1510 2504 1642 2533 nomen,

100 2544 242 2576 alterum
256 2543 403 2581 laudis,
417 2554 480 2585 pro
494 2544 571 2577 Sex.
588 2544 690 2576 Rosc.
706 2545 748 2577 48
761 2548 791 2577 te
803 2544 968 2585 intelleqes
980 2544 1102 2585 inopia
1113 2545 1295 2577 criminum
1307 2555 1474 2577 summam
1488 2545 1582 2578 laud
1588 2556 1642 2578 em

97 2595 173 2628 Sex.
190 2595 309 2627 Roscio
321 2595 425 2627 uitio
440 2598 469 2627 et
480 2595 599 2637 calpae
612 2596 750 2634 dedisse,
765 2596 852 2628 Plin.
868 2606 922 2637 ep.
937 2604 981 2627 m
995 2596 1015 2627 6
1029 2596 1048 2626 2
1062 2599 1121 2627 aut
1134 2595 1242 2628 uitia
1255 2620 1263 2628 .
1280 2620 1287 2628 .
1303 2620 1311 2628 .
1331 2595 1412 2628 celat
1427 2599 1486 2628 aut
1503 2596 1644 2628 laudes

95 2656 220 2688 parurn
249 2649 386 2678 ostentat
474 2646 517 2677 20
551 2656 670 2679 carere
702 2651 786 2680 dato
821 2646 1010 2684 Bentleius,
1032 2650 1130 2678 caret
1159 2650 1286 2679 damno
1315 2647 1393 2679 libri
1409 2659 1417 2679 :
1456 2649 1643 2680 antecessit

97 2699 233 2731 damna.
281 2697 358 2735 hoc,
379 2698 554 2729 neminem
575 2698 704 2731 damno
725 2709 852 2737 carere,
874 2709 916 2730 ne
939 2702 1015 2730 tum
1037 2698 1190 2740 quidem,
1212 2700 1240 2731 si
1263 2698 1457 2732 Stoicorum
1479 2700 1642 2742 opinione

99 2759 222 2782 uerum
248 2751 350 2786 esset,
379 2750 572 2781 sententiae
598 2751 823 2782 conueniret:
863 2749 959 2781 illam
985 2750 1252 2791 oppositionem,
1279 2760 1387 2782 carere
1412 2750 1500 2789 dato,
1527 2749 1645 2783 habere

97 2803 264 2842 neqaturn,
293 2799 501 2832 confirmant
529 2802 722 2842 sequentia,
746 2801 922 2844 fortunam
949 2801 1097 2833 inuitam
1123 2801 1294 2842 prendere,
1323 2801 1505 2834 instantem
1524 2801 1643 2844 fuqere

192 2852 233 2884 21
251 2855 423 2891 prendere
436 2856 482 2890 Μ,
495 2856 645 2891 pendere
661 2857 711 2886 GL
800 2855 895 2886 uotis
920 2856 957 2891 G,
982 2855 1082 2885 uobis
1106 2856 1164 2885 m
1183 2852 1259 2886 cod.
1279 2852 1433 2886 Venetus
1521 2853 1564 2885 22
1577 2863 1644 2886 sua,
