1872 3183
146 140 201 179 32
734 136 796 178 Μ.
829 135 1081 177 MANILII

307 247 404 289 hinc
425 251 536 289 artes
556 246 830 302 studiumque
849 245 995 287 trahis.
1052 260 1153 287 nam
1172 245 1381 301 quidquid
1399 245 1443 287 in
1462 259 1562 287 usus

183 329 251 360 245
306 321 412 377 ignis
432 327 526 377 eget
544 321 766 377 poscitque
785 335 919 362 nouas
939 320 994 361 ad
1014 334 1188 362 munera
1208 320 1401 361 flammas

309 396 387 437 sub
407 401 450 437 te
470 396 726 438 censendum
746 400 822 437 est.
881 395 1058 436 scrutari
1077 409 1201 436 caeca
1221 394 1393 436 metalla

309 470 522 525 depositas
542 475 585 512 et
605 484 705 525 opes
724 474 933 511 terrarum
953 483 1124 511 exurere
1143 469 1261 510 uenis

309 545 615 600 materiamque
635 559 766 586 manu
783 548 900 586 certa
920 543 1132 599 duplicare
1151 544 1231 585 erit
1250 558 1275 584 a
1294 549 1350 593 te,

137 688 232 730 fouet
253 688 454 729 Capricorni
480 690 592 721 sidera
618 689 715 722 Vesta
805 689 869 720 244
893 691 1008 720 trahis
1027 687 1126 719 codd.
1152 687 1241 719 Flor.
1269 690 1305 719 et
1331 687 1443 725 Bodl.,
1463 689 1579 720 trahit
1603 690 1687 719 GLM

144 740 218 772 cod.
260 741 414 773 Venetus
455 744 599 783 propter
639 740 745 781 fouet,
789 740 895 781 idque
943 739 1093 771 Iacobus
1131 742 1167 771 et
1212 739 1403 771 Bechertus
1440 739 1605 776 retinent,
1647 740 1689 769 ut

144 792 252 824 Vesta
277 802 297 824 a
322 792 531 834 Capricorno
561 795 654 824 artes
676 791 903 833 studiumque
935 791 1072 823 trahere
1101 790 1238 822 dicatur
1328 791 1391 822 245
1416 794 1496 829 eget
1527 794 1585 822 LM
1610 788 1687 821 cod.

145 843 310 882 Venetus,
334 847 412 882 agit
439 843 502 876 GL²
592 853 740 876 munera
762 843 836 881 (212²,
856 852 1004 875 numera.
1025 846 1070 879 M,
1093 845 1238 874 fiumina
1259 845 1282 874 1.
1303 841 1378 873 cod.
1406 841 1572 879 Venetus,
1596 840 1689 872 unde

145 895 324 927 Bentleius
348 896 469 927 munia
493 905 564 926 non
589 895 662 926 sine
687 895 811 936 specie,
835 895 901 926 etsi
926 904 967 926 ea
999 893 1113 925 forma
1142 893 1236 935 apud
1269 893 1451 924 Manilium
1480 902 1551 925 non
1576 895 1688 924 extat.

143 946 203 978 sed
221 956 329 978 nouas
344 957 511 988 quorsum
528 947 703 989 pertineat
720 946 805 978 mihi
818 956 889 977 non
902 946 1012 988 magis
1027 945 1139 986 liquet
1150 955 1256 986 quam
1268 945 1438 986 Hauptio,
1453 945 1512 985 qui
1530 954 1647 985 opusc.
1661 952 1691 975 11

144 1009 177 1040 p.
206 999 270 1031 342
295 998 399 1030 bonas
423 998 644 1031 scribendum
669 998 866 1039 suspicatus
889 1000 943 1029 est
1033 997 1097 1028 246
1121 1005 1159 1028 IV
1184 997 1249 1028 705
1274 995 1426 1027 bracchia
1450 995 1511 1027 sub
1537 995 1689 1027 Geminis

143 1053 318 1082 censentur
407 1051 470 1082 247
509 1054 688 1083 terrarum
724 1049 914 1086 Bentle1us,
947 1052 1152 1085 terramque
1192 1051 1287 1085 GLM,
1320 1051 1485 1088 terraeque
1501 1071 1509 1079 .
1528 1071 1536 1078 .
1556 1071 1564 1078 .
1583 1056 1690 1078 uenas

143 1101 244 1133 codd.
265 1101 355 1133 Flor.
374 1104 411 1133 et
429 1101 527 1133 Bodl.
576 1105 696 1133 terram
713 1101 811 1132 uenis
829 1110 961 1132 exurere
977 1102 1070 1131 recte
1087 1099 1155 1130 dici
1173 1099 1233 1130 uix
1250 1098 1378 1140 probat
1395 1098 1477 1130 Luc.
1496 1107 1535 1129 lx
1553 1098 1619 1129 424
1636 1107 1688 1138 sq.

144 1155 253 1193 (terra
284 1153 430 1195 Libyca)
461 1163 530 1184 non
560 1163 634 1185 aere
663 1162 765 1193 neque
794 1162 877 1183 auro
896 1150 901 1194 Ι
919 1151 1130 1192 excoquitur:
1176 1150 1311 1181 accedit
1342 1152 1383 1181 ut
1413 1150 1580 1189 depositas
1611 1158 1690 1189 opes

145 1214 165 1235 a
185 1204 325 1246 reliquis
346 1205 543 1236 seiunctum
563 1204 660 1235 auari
680 1204 798 1246 potius
818 1203 1000 1235 thesauros
1021 1212 1128 1243 quam
1149 1212 1169 1233 a
1189 1204 1317 1233 natura
1336 1200 1533 1232 reconditas
1547 1200 1690 1232 diuitias

144 1255 336 1298 significare
368 1255 539 1288 uideatur.
587 1265 680 1287 nunc
711 1255 796 1286 ordo
827 1257 881 1286 est
910 1264 989 1294 opes
1019 1254 1117 1285 uenis
1146 1256 1308 1284 terrarum
1338 1252 1506 1292 depositas
1537 1261 1689 1284 exurere:

145 1307 224 1339 uide
249 1307 326 1340 Sen.
352 1317 422 1348 n.q.
449 1317 471 1339 v
497 1309 538 1339 15
561 1308 581 1338 2
605 1307 790 1338 auaritiam
813 1316 918 1337 uenas
941 1309 1126 1337 terrarum.
1147 1329 1154 1335 .
1174 1329 1181 1335 .
1200 1305 1358 1335 rimatam
1381 1304 1419 1336 in
1442 1302 1583 1335 tenebris
1605 1302 1692 1334 male

144 1359 298 1390 abstrusa
331 1359 508 1400 quaesisse.
556 1359 751 1390 simillimus
784 1358 880 1389 locus
913 1360 967 1388 est
999 1356 1102 1388 Aetn.
1138 1357 1270 1388 259—63
1304 1358 1492 1386 scrutamur
1524 1354 1629 1386 rimas
1664 1357 1693 1385 et

146 1411 308 1443 uerlimus
337 1421 432 1442 omne
458 1409 678 1451 profundum,
701 1408 706 1453 Ι
726 1409 896 1451 quaeritur
925 1408 1052 1449 arqenli
1080 1418 1201 1445 semen,
1231 1417 1322 1439 nunc
1351 1416 1454 1438 aurea
1482 1416 1581 1444 uena,
1604 1404 1608 1449 Ι
1629 1408 1691 1437 lor-

145 1465 286 1503 quentur
304 1462 448 1504 flamma
472 1465 575 1494 terrae
593 1461 747 1503 ferroque
763 1462 951 1498 domantur,
974 1458 979 1503 Ι
999 1460 1079 1491 dum
1103 1469 1172 1491 sese
1193 1459 1301 1499 prelio
1318 1458 1493 1496 redimant,
1512 1466 1693 1497 uerumque

144 1513 315 1555 professae
336 1512 340 1557 Ι
360 1518 431 1545 tum
458 1514 591 1545 demum
619 1513 766 1553 uilesque
794 1513 903 1543 iacent
930 1513 1110 1552 inopesque
1137 1510 1290 1548 relictae;
1333 1509 1422 1541 adde
1450 1509 1543 1541 Man.
1574 1517 1598 1540 v
1626 1509 1691 1540 523

144 1575 299 1606 quaerere
321 1565 383 1597 sub
408 1566 503 1597 terris
527 1575 661 1602 aurum,
687 1566 752 1596 525
776 1563 907 1604 qlaebas
932 1563 1017 1595 inter
1041 1562 1238 1602 deprendere
1262 1572 1388 1602 qazam,
1414 1562 1479 1593 533
1504 1571 1555 1602 sq.
1581 1563 1694 1601 coquet

146 1617 274 1658 arqenti
286 1617 417 1658 qlaebas
432 1627 616 1657 aeuumque
629 1616 782 1647 latentem
797 1614 801 1658 Ι
817 1618 904 1646 eruet
918 1618 946 1646 et
959 1614 1086 1646 silicem
1100 1614 1175 1645 riuo
1188 1613 1326 1644 saliente
1340 1612 1489 1653 liquabit.
1537 1614 1693 1644 ceterum

148 1679 260 1710 neque
281 1668 375 1710 apud
394 1669 575 1700 Manilium
594 1677 707 1708 neque
726 1668 762 1698 in
781 1666 915 1698 Aetnae
934 1665 1092 1697 uersibus
1111 1664 1296 1707 significari
1315 1667 1402 1706 puto
1422 1663 1517 1705 quod
1536 1662 1690 1695 traditur

150 1730 170 1752 a
192 1720 346 1752 Diodoro
368 1729 411 1751 ΙΙΙ
436 1721 475 1751 12
498 1721 518 1750 4
540 1722 602 1759 τῆσ
637 1722 669 1751 δὲ
700 1722 755 1751 τὸν
784 1721 902 1759 χρυσὸν
933 1721 1076 1758 ἑχούσησ
1104 1719 1171 1756 γῆσ
1199 1719 1256 1755 τὴν
1283 1718 1339 1754 μὲν
1372 1717 1594 1756 σκληροτάτην
1619 1717 1694 1754 πυρὶ

148 1772 261 1812 πολλῷ
277 1774 457 1803 καύσαντεσ
474 1774 526 1803 καὶ
543 1772 741 1809 ποιήσαντεσ
757 1773 879 1810 χαύνην
897 1770 1096 1810 προσάγουσι
1111 1770 1168 1806 τὴν
1187 1770 1236 1799 διὰ
1253 1770 1316 1799 τῶν
1333 1770 1446 1808 χειρῶν
1461 1768 1690 1808 κατεργασίαν,

147 1822 406 1864 Agatharchide
436 1823 478 1854 25
508 1822 622 1854 Muell.
653 1832 766 1863 geogr.
798 1821 855 1853 Gr.
884 1821 966 1852 min.
994 1829 1007 1851 Ι
1032 1830 1064 1861 p.
1096 1820 1158 1851 125
1191 1822 1254 1850 τῶν
1283 1821 1361 1859 ὀρῶν
1389 1821 1422 1850 ἐν
1450 1820 1500 1850 oia
1529 1819 1544 1850 ὁ
1567 1820 1693 1859 χρυσὸσ·

148 1876 326 1915 εὑρίσκεται
362 1876 403 1905 τὰ
437 1876 495 1912 μὲν
530 1875 678 1912 ἀπότομα
713 1875 764 1904 καὶ
793 1874 915 1904 τελέωσ
942 1873 1083 1912 σκληρὰν
1111 1874 1229 1911 ἔχοντα
1262 1873 1359 1910 φύσιν
1386 1871 1607 1910 ἐκπρήσαντεσ
1634 1871 1694 1908 ὕλῃ

149 1928 201 1957 καὶ
226 1929 331 1966 χαῦνα
356 1925 401 1966 τῷ
425 1927 499 1965 πυρὶ
525 1927 734 1963 ποιήσαντεσ,
763 1926 866 1955 οὕτωσ
891 1925 1002 1954 αύτοΐσ
1030 1924 1231 1963 προσάγουσι
1254 1924 1313 1960 τὴν
1340 1923 1463 1962 πεῖραν,
1482 1920 1594 1952 Plinio
1618 1919 1691 1951 n.h.

146 1986 267 2008 xxxm
294 1978 333 2009 71
360 1977 418 2008 lios
444 1977 568 2017 (silices
592 1977 628 2007 in
653 1977 727 2007 auri
747 1975 875 2007 fodinis
898 1975 1134 2013 occursantes)
1160 1974 1236 2014 iqne
1261 1976 1290 2004 et
1318 1976 1406 2004 aceio
1432 1974 1606 2012 rumpunt,
1631 1974 1696 2003 aut

149 2028 244 2069 quod
270 2028 357 2060 uelle
374 2027 500 2070 {uideri
530 2030 647 2069 potest
679 2027 853 2058 Hesiodus
886 2026 1000 2067 theog.
1029 2026 1138 2057 864-ss
1163 2027 1305 2066 σίδηροσ,
1331 2026 1347 2056 ὅ
1371 2037 1430 2065 περ
1454 2025 1695 2065 κρατερώτατόσ

149 2079 400 2123 ἐστιν,[οιἰρέοσ
432 2084 464 2112 ἐν
500 2082 644 2121 βήσσῃσι
683 2081 902 2117 δαμαζόμενοσ
938 2080 1011 2118 πυρὶ
1044 2075 1312 2120 κηλέῳΙτήκεται
1353 2079 1385 2108 ἐν
1424 2077 1518 2116 χθονὶ
1553 2077 1603 2116 δίῃ
1639 2074 1695 2114 ὑφ’

147 2132 331 2172 Ἡφαίστου
355 2134 554 2171 παλάμῃσιν,
571 2132 686 2172 ignem
708 2132 744 2162 in
766 2130 850 2172 ipsis
872 2129 1000 2161 fodinis
1023 2138 1216 2160 accensum.
1264 2129 1372 2160 immo
1395 2137 1505 2159 uenae
1522 2126 1695 2158 uocabulo

149 2183 348 2215 declaratur
380 2183 562 2214 metallum
605 2182 763 2214 nondum
796 2192 816 2213 a
852 2182 963 2213 scoria
1005 2183 1218 2222 separatum,
1262 2189 1352 2220 quae
1398 2179 1574 2220 separatio
1615 2178 1695 2219 igne

150 2234 191 2267 fit
230 2235 400 2272 adhibito,
442 2234 540 2265 uelut
578 2234 665 2265 Plin.
705 2233 776 2264 n.h.
815 2241 936 2264 XXXIII
974 2233 1016 2264 95
1055 2232 1189 2272 excoqui
1223 2240 1291 2262 non
1325 2233 1432 2270 polest
1467 2230 1694 2271 (argentum),

150 2287 221 2317 nisi
254 2296 330 2317 cum
360 2286 498 2326 plumbo
530 2286 626 2325 niqro
658 2288 717 2316 aul
749 2294 825 2316 cum
858 2294 946 2315 uena
976 2283 1119 2323 plumbi,
1154 2282 1307 2323 qalenam
1334 2284 1464 2318 uocant,
1491 2290 1575 2321 quae
1599 2280 1696 2312 iuxta

150 2338 279 2378 arqenli
321 2347 426 2369 uenas
464 2337 659 2377 plerumque
701 2336 874 2376 reperitur,
915 2343 1030 2366 XXXIV
1073 2335 1092 2365 2
1135 2343 1223 2365 uena
1263 2343 1327 2373 quo
1363 2332 1489 2364 dictum
1522 2335 1568 2363 est
1600 2331 1696 2363 modo

145 2389 278 2430 foditur
319 2389 454 2429 iqnique
491 2387 675 2429 perficitur,
716 2388 778 2419 142
819 2387 905 2418 ratio
945 2386 1058 2418 eadem
1098 2385 1314 2425 excoquendis
1359 2384 1468 2421 uenis,
1516 2383 1578 2415 146
1619 2392 1696 2414 curn

152 2443 350 2481 excoquatur
378 2449 465 2471 uena
554 2439 617 2470 248
652 2438 792 2470 delebat
824 2438 974 2479 Scaliger
1006 2440 1189 2478 tamquam
1219 2435 1264 2467 ab
1292 2435 1502 2477 alchymista
1529 2434 1697 2466 sermonis

153 2491 270 2523 Latini
307 2492 469 2533 imperito
507 2490 721 2523 inculcatum
840 2493 1020 2528 duplicare
1055 2487 1280 2520 Marklandus
1313 2486 1358 2518 ad
1389 2486 1478 2519 Stat.
1508 2485 1583 2517 silu.
1612 2494 1641 2517 11
1677 2485 1698 2517 3

153 2545 208 2580 55,
232 2546 302 2575 erit
325 2553 347 2575 a
376 2547 412 2575 te
424 2542 454 2580 *,
476 2545 650 2581 duplicari
673 2546 710 2575 et
729 2545 808 2574 arte
832 2545 926 2578 GLM,
951 2551 971 2572 a
997 2550 1066 2581 quo
1091 2549 1162 2570 non
1187 2538 1305 2570 differt
1333 2538 1603 2578 duplicarerilaie
1631 2537 1698 2568 nisi

154 2594 304 2626 duarum
334 2594 531 2626 litterarum
562 2594 744 2635 positione.
793 2593 914 2624 similis
939 2591 1132 2623 hexametri
1160 2589 1316 2621 clausula
1345 2592 1399 2621 est
1430 2598 1443 2620 1
1474 2590 1536 2620 521
1569 2597 1697 2628 semper

148 2645 220 2686 fuit
237 2646 335 2683 idem,
354 2645 529 2677 simillima
546 2645 647 2686 Prop.
667 2653 695 2676 11
713 2646 756 2675 24
773 2646 812 2676 51
830 2644 946 2684 polius
960 2653 1075 2683 precor
1093 2645 1128 2673 ut
1144 2652 1194 2673 me
1210 2653 1218 2679 ;
1248 2642 1284 2673 in
1302 2640 1368 2672 fine
1386 2650 1506 2672 uersus
1522 2639 1698 2671 habentur

155 2707 177 2727 a
195 2707 228 2728 se
247 2706 289 2728 111
309 2698 384 2734 200,
405 2697 443 2728 in
461 2707 495 2728 se
513 2697 555 2728 97
571 2708 579 2734 ;
612 2696 812 2727 duriuscula
824 2696 860 2726 in
879 2696 1003 2736 quinto
1022 2693 1109 2735 pede
1128 2694 1223 2724 elisio
1237 2702 1265 2724 11
1285 2693 1348 2724 762
1357 2692 1505 2733 fundata
1518 2689 1695 2722 elementis.

157 2749 217 2779 erit
235 2758 255 2779 a
273 2751 301 2780 te
318 2751 358 2779 ut
376 2748 477 2789 Prop.
498 2757 541 2779 111
559 2748 579 2779 9
596 2748 639 2779 59
657 2757 706 2788 sq.
727 2757 748 2778 a
765 2750 793 2778 ie
811 2750 856 2777 esi
877 2745 881 2789 Ι
901 2746 987 2786 quod
998 2745 1092 2786 ferar
1109 2745 1146 2776 in
1161 2747 1274 2784 parles
1291 2744 1364 2784 ipse
1375 2742 1486 2784 fuisse
1502 2745 1587 2773 luas.
1635 2742 1697 2782 qui

157 2799 361 2839 duplicarier
379 2799 550 2831 dederunt
569 2799 728 2830 codicum
754 2799 944 2830 recentium
965 2797 1053 2828 Flor.
1070 2800 1106 2828 et
1126 2796 1224 2827 Bodl.
1246 2796 1430 2836 scriptores
1449 2792 1698 2826 tantummodo

157 2861 318 2882 numeros
345 2853 523 2890 curarunt,
550 2851 730 2892 passiuum
757 2849 855 2881 uerbi
881 2859 988 2891 genus
1016 2859 1078 2890 pro
1106 2848 1222 2879 actiuo
1250 2849 1457 2889 usurpatum
1484 2845 1701 2886 reliquerunt
