1872 3183
243 140 296 179 82
830 143 891 186 Μ.
924 144 1177 186 MANILII

277 258 345 290 635
400 252 669 309 Aegyptique
688 253 849 309 Cypros
868 253 1061 310 pulsatur
1080 254 1279 297 fluctibus
1299 255 1447 297 amnis.

398 405 550 456 totque
569 402 729 444 minore
749 402 837 444 solo
856 408 1002 445 tamen
1021 405 1277 460 emergentia
1296 410 1430 460 ponto

234 532 294 563 sed
322 534 382 574 qui
409 535 541 575 primus
568 545 608 567 ac
636 545 745 577 paene
772 536 864 567 solus
892 536 1046 569 attendit
1073 536 1300 579 Rossbergius
1328 536 1442 569 Fleck.
1472 535 1586 568 annal.
1617 535 1686 567 uol.
1712 535 1779 567 139

235 593 268 624 p.
288 585 352 616 710
370 589 398 616 et
413 586 449 617 in
466 590 512 618 est
528 590 667 619 mutato
684 587 811 619 uulnus
827 589 964 620 curauit
981 588 1122 620 uulnere
1138 591 1175 621 et
1191 589 1302 620 alieno
1318 588 1393 620 loco
1409 591 1610 629 exemptam
1626 586 1776 619 insulam

235 637 390 677 reposuit
417 637 522 669 nullo.
570 639 618 670 sic
646 639 739 670 enim
766 639 926 671 Sardinia
953 639 1068 672 Sicilia
1096 640 1240 672 Euboea
1267 640 1399 682 Cypros
1426 639 1553 681 quibus
1580 638 1780 681 regionibus

232 686 371 720 iaceant
396 688 551 727 docetur,
578 690 621 721 de
647 690 750 722 Creta
774 691 860 722 nihil
885 691 1006 728 simile,
1033 691 1093 723 sed
1118 692 1240 723 Iouem
1265 702 1341 723 eam
1368 692 1579 732 ubicumque
1604 694 1775 723 terrarum

232 740 399 780 genuisse.
447 741 582 773 accedit
598 742 634 773 in
652 741 716 773 hac
734 743 808 784 ipsa
825 742 927 774 laude
945 743 1092 775 molesta
1109 743 1293 775 uerborum
1311 743 1540 780 abundantia,
1557 752 1638 774 cum
1655 740 1701 774 ad
1717 740 1780 772 illa

230 790 339 822 ciuem
363 792 480 824 sortita
507 793 705 831 Tonantem,
731 804 821 835 quae.
846 795 923 835 ipsa
947 805 1009 836 per
1034 805 1069 826 se
1096 798 1170 826 tam
1197 795 1283 827 bene
1308 798 1345 827 et
1370 798 1452 836 apte
1477 794 1643 826 dicuntur
1668 802 1776 834 quam

234 842 296 874 691
326 842 449 875 Tkrece
473 844 619 876 Martem
642 845 759 876 sortita
781 846 936 877 colonum
955 849 1017 878 aut
1041 845 1148 879 Solin.
1169 847 1206 878 ll
1236 847 1276 878 10
1299 846 1419 878 Gnosii
1444 846 1642 877 Mineruam
1665 844 1775 876 ciuem

233 893 330 925 deam
348 899 535 933 numerant,
557 896 731 929 adiectum
752 897 799 928 sit
819 900 926 939 atque
947 897 1033 929 adeo
1052 898 1280 940 praemissum
1299 898 1453 938 yenetriae,
1475 897 1569 939 quod
1589 897 1700 928 maius
1720 897 1776 926 est

233 947 270 977 et
289 945 437 978 alterum
456 947 492 978 in
512 957 547 978 se
567 949 732 980 continet.
769 949 853 980 haec
870 949 976 990 igitur
994 949 1215 987 remouenda,
1229 948 1451 991 reciperanda
1468 951 1521 980 est
1536 949 1624 980 situs
1640 946 1775 979 insulae

233 997 382 1035 notatio,
403 998 496 1039 quod
522 998 561 1030 fit
580 1009 623 1030 ex
642 999 756 1032 Strab.
774 1009 798 1031 X
822 1011 855 1041 p.
871 1001 938 1031 474
962 1003 1103 1040 Εὔδοξοο-
1125 1003 1182 1039 μὲν
1204 1003 1256 1032 οὖν
1281 1003 1314 1032 ἐν
1338 1001 1383 1040 τῷ
1407 1003 1529 1041 Αἰγαίῳ
1550 1002 1648 1039 φησὶν
1674 1001 1771 1036 αὐτὴν

231 1050 389 1089 ἱδρῦσθαι,
410 1059 624 1091 quamquam
651 1050 695 1082 ab
719 1051 866 1083 Eudoxo
892 1052 1034 1093 paulum
1060 1052 1264 1083 dissentiens
1283 1052 1408 1084 Strabo
1432 1054 1603 1091 κλύζεσθαι
1626 1052 1692 1082 ἀπὸ
1715 1052 1774 1088 μὲν

229 1101 293 1131 τῶν
310 1101 434 1141 ἄρκτων
449 1100 494 1141 τῷ
512 1103 634 1142 Αἰγαίῳ
651 1104 788 1143 πελάγει
805 1106 857 1134 καὶ
874 1103 917 1143 τῴ
936 1103 1084 1144 Κρητικῷ
1098 1103 1193 1140 dicit,
1209 1105 1274 1135 ἀπὸ
1291 1105 1324 1135 δὲ
1340 1106 1394 1135 τοῦ
1410 1105 1500 1135 νότου
1516 1102 1561 1143 τῷ
1577 1101 1708 1143 Λιβυκῷ
1724 1100 1771 1140 τῷ

231 1152 425 1183 συνάπτοντι
443 1154 526 1192 πρὸσ
541 1155 578 1184 τὸ
595 1156 771 1193 Αἰγύπτιον
789 1157 949 1194 πέλαγοσ,
971 1155 1056 1186 item
1077 1154 1212 1187 Solinus
1231 1157 1267 1186 ll
1288 1156 1309 1185 4
1330 1165 1350 1185 a
1371 1154 1588 1195 septentrione
1609 1153 1775 1193 Aeqaeis

233 1206 262 1234 et
276 1203 350 1234 suis
365 1203 535 1235 aestibus
559 1204 792 1242 uerberatur,
810 1206 846 1237 id
864 1210 909 1237 est
928 1206 1077 1243 Creticis,
1096 1205 1136 1238 ab
1154 1210 1267 1237 austro
1285 1206 1420 1246 Libycis
1436 1206 1538 1237 undis
1554 1204 1772 1246 perfunditur

232 1257 261 1285 et
274 1253 460 1295 Aeyyptiz's.
502 1265 544 1287 ex
563 1257 647 1296 eyeis
659 1256 730 1287 fieri
745 1258 900 1298 potuisse
918 1261 946 1288 et
959 1257 1086 1297 qeneris
1098 1257 1246 1298 probare
1264 1261 1351 1298 puto
1363 1267 1450 1298 quas
1461 1256 1515 1288 hic
1527 1256 1657 1288 subicio
1668 1255 1770 1287 libro-

231 1314 309 1336 rum
335 1305 510 1343 lectiones,
538 1316 566 1338 11
591 1308 655 1339 323
680 1309 800 1345 euenit,
825 1312 853 1339 et
876 1309 980 1345 uenit,
1005 1310 1069 1340 559
1093 1309 1232 1348 ενιῖῃοηο,
1259 1308 1414 1348 wigone,
1433 1317 1476 1339 111
1497 1308 1538 1340 63
1556 1308 1725 1344 euincunt,
1745 1310 1774 1338 et

231 1357 384 1395 uincunt,
400 1367 437 1389 1v
451 1359 492 1390 27
510 1362 621 1396 enata,
645 1363 672 1390 et
694 1364 786 1397 nata,
806 1361 869 1391 607
894 1364 1015 1398 enatat,
1035 1363 1063 1392 et
1085 1364 1190 1397 natat,
1210 1361 1274 1391 904
1300 1360 1454 1397 edomuit,
1473 1363 1501 1391 et
1522 1359 1660 1396 domuit,
1684 1368 1706 1390 v
1730 1359 1774 1390 60

233 1409 398 1446 ementita,
436 1413 465 1441 et
497 1410 645 1448 mentita,
683 1412 741 1443 131
780 1412 912 1451 eyelido,
944 1415 972 1443 et
1007 1412 1124 1452 yelido,
1161 1413 1226 1443 735
1260 1415 1413 1452 equester,
1444 1415 1472 1443 et
1499 1414 1635 1452 quester,
1665 1419 1694 1442 Π
1729 1411 1772 1442 56

231 1460 421 1492 liberauerit
451 1472 514 1503 pro
541 1462 708 1500 libaverit,
735 1464 800 1495 233
832 1463 869 1494 de
897 1474 1010 1503 yenere
1039 1474 1101 1505 pro
1129 1464 1249 1503 deqere,
1278 1464 1341 1495 423
1370 1463 1522 1495 miserere
1550 1473 1613 1504 pro
1642 1463 1773 1499 mirere,

232 1520 255 1543 v
282 1513 346 1544 232
379 1516 552 1544 ueneretur
578 1525 640 1555 pro
676 1518 833 1551 uenelur3
871 1525 934 1556 pro
967 1515 1094 1555 qenais
1127 1518 1246 1546 autem
1277 1515 1420 1555 yenitrix
1452 1515 1620 1556 scriptum
1651 1517 1705 1546 est
1736 1514 1774 1545 in

232 1563 336 1595 Marc.
368 1565 433 1597 223
460 1565 603 1606 aliisque
631 1565 747 1597 Ouidii
772 1566 948 1597 codicibus
976 1569 1057 1597 met.
1088 1575 1155 1597 V111
1185 1567 1246 1598 123
1336 1567 1399 1597 635
1425 1569 1609 1605 aegyptiq.
1634 1565 1774 1597 Ellisius

232 1618 324 1647 noct.
344 1615 436 1648 Man.
462 1627 496 1658 p.
527 1618 600 1654 139,
626 1621 772 1656 aegypti
790 1618 859 1649 iam
878 1617 1036 1659 Scaliger,
1055 1621 1224 1657 aegyptia
1242 1617 1331 1655 libri,
1350 1617 1428 1648 uide
1446 1617 1491 1648 ad
1513 1618 1577 1649 610
1601 1617 1773 1648 adnotata

320 1671 436 1700 amnis
482 1668 669 1705 Bentleius‚
708 1673 820 1701 omnis
860 1670 971 1706 GL2M,
1009 1679 1128 1701 omnes
1166 1673 1189 1700 L
1280 1678 1392 1710 neque
1436 1669 1580 1709 Aeqypti
1611 1668 1774 1710 fluctibus

232 1728 295 1759 pro
336 1718 501 1751 fluctibus
544 1720 648 1751 maris
690 1720 853 1761 Aegyptii
896 1724 988 1752 recte
1028 1721 1181 1761 ponitur,
1221 1730 1333 1761 neque
1372 1721 1483 1751 omnis
1524 1720 1572 1751 eis
1613 1719 1775 1761 pulsatur

233 1769 365 1811 Cypros
391 1770 451 1801 sed
477 1780 546 1811 qua
572 1774 671 1812 parte
696 1772 731 1802 in
764 1774 922 1803 austrum
951 1774 1099 1813 spectat,
1126 1770 1239 1803 Strab.
1267 1780 1332 1802 XIV
1356 1781 1389 1812 p.
1422 1771 1483 1802 681
1517 1773 1536 1810 ἡ
1571 1773 1707 1811 Κύπροσ
1731 1774 1771 1802 τὰ

231 1822 289 1860 μὲν
322 1824 519 1863 προσάρκτια
553 1825 633 1863 μέρη
664 1825 868 1855 συνάπτοντα
902 1826 1024 1863 ἔχουσα
1061 1823 1101 1863 τῇ
1138 1825 1278 1863 Τραχείᾳ
1313 1825 1456 1862 Κιλικίᾳ.
1476 1848 1483 1855 .
1507 1847 1540 1854 ..
1562 1825 1603 1854 τὰ
1639 1825 1672 1854 δὲ
1707 1823 1773 1863 ε’ᾦα.

230 1872 276 1912 τῷ
305 1873 437 1913 Ἰσσικῴ
470 1876 590 1913 κόλπῳ,
625 1877 665 1905 τὰ
688 1876 713 1906 δ’
748 1876 880 1915 ἑσπέρια
903 1875 948 1915 τῷ
972 1877 1153 1914 Παμφυλίῳ
1179 1877 1354 1913 κλυζόμενα
1382 1876 1529 1914 πελάγει,
1557 1876 1598 1905 τὰ
1623 1876 1657 1906 δὲ
1683 1877 1770 1906 νότια

230 1924 276 1964 τῷ
314 1927 491 1965 Αἰγυπτίῳ.
541 1926 650 1957 nimia
682 1925 837 1967 profecto
871 1926 1107 1967 supralatione
1140 1925 1239 1957 Nilus
1276 1926 1413 1967 Cypron
1443 1925 1606 1957 fluctibus
1637 1925 1777 1966 pulsare

232 1975 370 2013 dicitur,
412 1976 472 2007 sed
512 1976 604 2008 idem
647 1977 829 2019 Euripides
870 1978 898 2009 si
939 1988 1009 2009 non
1050 1977 1140 2008 dixit
1179 1980 1217 2008 at
1258 1977 1383 2008 dixisse
1428 1977 1536 2008 uideri
1577 1979 1695 2018 potest
1736 1977 1774 2008 in

232 2026 483 2059 obscurissimis
521 2027 676 2060 uersibus
719 2028 844 2060 Bacch.
888 2029 999 2060 402-8
1028 2031 1150 2067 ἱκοίμαν
1189 2032 1263 2060 ποτὶ
1293 2030 1423 2069 Κύπρον
1441 2053 1448 2060 .
1473 2053 1480 2060 .
1503 2053 1510 2060 .
1534 2030 1647 2067 Πάφον
1680 2028 1707 2059 θ’
1732 2031 1770 2059 ἃν

230 2080 438 2117 ἑκατόστομοι
476 2082 640 2121 βαρβάρου
678 2083 823 2119 ποταμοῦ
861 2081 930 2121 ῥοαὶ
967 2083 1169 2121 καρπίζουσιν
1207 2083 1379 2121 ἄνομβροι;
1423 2080 1529 2111 etiam
1561 2079 1776 2111 Claudianus

233 2129 373 2171 Cypron
403 2130 564 2172 Aegypto
606 2131 766 2163 admouit
806 2131 912 2172 epith.
948 2131 1039 2163 Hon.
1080 2132 1187 2163 49451
1225 2141 1321 2162 mons
1353 2131 1441 2163 latus
1483 2131 1623 2162 Ionium
1664 2131 1772 2171 Cypri

230 2185 435 2222 praeruptus
476 2181 647 2214 obumbrat
668 2181 672 2211 Ι
693 2183 813 2214 innius
854 2183 1001 2214 humano
1042 2193 1166 2223 ores-su,
1214 2182 1442 2223 Phariumque
1487 2182 1593 2214 cubile
1611 2181 1615 2226 Ι
1635 2182 1772 2214 Proteos

233 2236 261 2264 et
277 2238 401 2273 septem
417 2234 579 2274 despectat
596 2243 722 2266 cornua
747 2234 836 2272 Nili,
855 2237 891 2265 et
917 2234 1051 2266 Statius
1076 2234 1145 2266 Nili
1172 2244 1280 2275 aquas
1305 2234 1404 2276 longe
1429 2234 1465 2265 in
1490 2244 1584 2265 mare
1609 2234 1770 2275 prouexit

231 2284 339 2316 Theb.
366 2293 434 2316 vnl
467 2286 529 2317 361
566 2296 616 2327 sq.
648 2286 786 2326 penitus
819 2296 938 2317 cessere
967 2286 1106 2326 fugatae
1127 2284 1131 2328 Ι
1151 2285 1310 2317 Nereides
1337 2285 1488 2326 dulcique
1523 2285 1638 2316 timent
1660 2294 1771 2316 occur-

231 2346 300 2367 rere
322 2339 448 2376 ponto3
482 2337 655 2368 contrario
684 2337 771 2368 Padi
798 2337 979 2378 Histrique
1003 2347 1166 2378 percussu
1193 2347 1286 2368 mare
1309 2336 1553 2368 Hadriaticum
1576 2335 1772 2368 dulcescere

232 2387 406 2429 Nepotem
432 2388 518 2419 Padi
543 2388 697 2420 accolam
723 2388 849 2420 dixisse
875 2389 986 2419 tradit
1008 2389 1140 2420 Plinius
1158 2389 1231 2420 n.h.
1258 2397 1301 2420 111
1326 2389 1388 2420 127
1478 2387 1622 2428 Aeyypti
1646 2388 1769 2423 amnis,

229 2442 286 2470 τοῦ
317 2442 380 2478 τῆσ
412 2442 577 2479 Αἰγύπτου
607 2443 763 2478 ποταμοῦ,
799 2442 839 2471 ut
873 2439 973 2472 Ouid.
1009 2450 1052 2471 ex
1086 2439 1187 2471 Pont.
1223 2449 1251 2470 Π
1278 2440 1317 2471 10
1342 2440 1382 2470 27
1415 2439 1528 2470 Elidis
1551 2449 1683 2470 amnem
1706 2449 1771 2480 pro

231 2489 387 2531 Alpheo;
422 2500 534 2532 neque
555 2491 648 2522 enim
670 2491 832 2523 Manilius
855 2494 917 2522 aut
940 2491 1083 2522 Homeri
1104 2490 1262 2532 exemplo
1285 2500 1423 2522 amnem
1445 2490 1559 2532 ipsum
1581 2489 1775 2531 appellasse

230 2542 409 2583 putandus
441 2545 494 2574 est
527 2542 726 2583 Aegyptum
755 2545 817 2574 aut
850 2542 1014 2574 adiectiui
1047 2543 1188 2583 eiusque
1221 2542 1342 2573 Graeci
1375 2542 1576 2583 genetiuum
1609 2541 1770 2582 Aeyyptii

230 2593 342 2625 tribus
360 2593 503 2634 syllabis
521 2594 696 2630 extulisse,
716 2594 810 2635 quali
829 2594 970 2625 crimine
984 2594 1156 2625 immerito
1176 2593 1305 2625 Seneca
1322 2594 1491 2634 premitur
1509 2592 1554 2624 ob
1571 2593 1773 2634 suppositos

229 2645 261 2675 ei
291 2655 410 2676 uersus
441 2645 570 2676 Phaed.
606 2646 737 2676 1022-4
828 2648 910 2676 ante
940 2646 1004 2676 636
1035 2655 1144 2676 unum
1171 2647 1263 2676 certe
1292 2655 1430 2676 uersum
1459 2644 1574 2675 deesse
1597 2642 1769 2675 intellexit

229 2695 381 2737 Scaliger
396 2709 404 2734 ;
435 2696 495 2728 sed
513 2700 691 2738 praeterea
707 2697 742 2728 in
761 2696 827 2728 fine
841 2707 959 2728 uersus
977 2697 1040 2728 640
1057 2696 1196 2728 sublata
1215 2697 1343 2727 maiore
1358 2696 1579 2728 distinctione
1596 2695 1768 2736 uirgulam

230 2748 342 2787 posui,
361 2748 473 2779 oratio
491 2748 583 2779 enim
603 2747 801 2779 huiusmodi
818 2747 924 2779 fuerit
942 2750 1095 2789 oportet:
1121 2757 1160 2778 ac
1182 2751 1319 2789 praeter
1336 2747 1398 2778 has
1417 2750 1490 2778 tam
1508 2746 1619 2778 claras
1636 2746 1766 2777 insulas

229 2801 352 2839 totque
365 2800 500 2830 minora
512 2802 548 2830 et
560 2809 672 2840 aequa
684 2799 750 2830 illis
763 2799 876 2835 litora,
891 2798 1059 2840 Cycladas
1072 2798 1223 2830 Rhodon
1234 2799 1406 2830 Corsicam
1420 2797 1582 2834 Baliares,
1595 2798 1765 2828 innumeri

228 2853 374 2891 surgunt
385 2850 516 2892 scopuli
528 2853 733 2892 montesque
745 2861 805 2892 per
816 2851 937 2882 altum.
980 2850 1155 2882 defectum
1167 2860 1286 2882 uersus
1299 2851 1358 2891 qui
1371 2859 1554 2891 agnoscere
1565 2849 1768 2887 noluerunt,
