1872 3183
229 1211 277 1248 In
297 1209 388 1248 libri
411 1219 460 1247 111
483 1208 659 1248 editione
679 1221 783 1248 anno
808 1210 908 1248 1916
931 1208 1071 1248 emissa
1089 1209 1185 1248 haec
1205 1209 1455 1261 corrigantur

208 1296 248 1327 56
271 1296 446 1328 editorum
471 1306 616 1328 numero
642 1297 703 1338 qui
731 1295 890 1328 codicum
917 1296 1101 1328 lectionem
1129 1296 1282 1328 celarent
1309 1295 1592 1338 Wageningenus
1619 1306 1676 1327 ex-

140 1348 301 1381 imendus
316 1348 398 1387 fuit,
416 1348 515 1380 cuius
532 1347 621 1380 liber
637 1358 715 1380 cum
732 1348 792 1380 illa
810 1347 1002 1380 scribebam
1019 1348 1173 1380 nondum
1189 1348 1371 1390 prodierat

207 1424 312 1455 324-25
335 1424 436 1456 omisi
460 1426 572 1457 locum
596 1424 641 1456 ad
663 1435 775 1456 meam
795 1424 1031 1466 Scaligerique
1049 1424 1220 1456 rationem
1244 1423 1518 1456 confirmandam
1538 1424 1675 1466 apposi-

142 1476 317 1508 tissimum
344 1476 425 1508 Luc.
462 1485 503 1508 VI
532 1477 636 1508 181-3
667 1486 734 1508 non
764 1476 897 1517 seynior
921 1477 1066 1508 extulit
1096 1477 1212 1509 illum
1233 1476 1237 1518 Ι
1255 1476 1384 1509 saltus
1415 1481 1448 1508 ec
1479 1476 1515 1508 in
1544 1476 1676 1508 medias

141 1527 235 1559 iecit
250 1538 352 1568 super
367 1538 468 1560 arma
481 1532 637 1559 cateruas
656 1526 661 1569 Ι
682 1538 786 1569 quam
797 1538 862 1568 per
874 1538 1007 1560 summa
1022 1528 1134 1569 rapit
1150 1528 1286 1560 celerem
1302 1528 1470 1560 uenabula
1481 1528 1672 1569 pardum,

142 1579 198 1611 cui
214 1578 305 1610 adici
321 1582 440 1621 potest
456 1578 561 1621 Soph.
583 1579 638 1611 Ai.
660 1579 679 1613 7
696 1589 746 1620 sq.
763 1580 797 1610 εὖ
815 1580 848 1610 δέ
865 1579 895 1611 σ’
913 1581 1037 1620 ἐκφέρει
1048 1604 1055 1611 .
1071 1604 1078 1612 .
1095 1604 1102 1611 .
1117 1581 1227 1620 βάσισ.
1263 1582 1417 1611 ceterum
1433 1584 1528 1612 temet
1544 1579 1676 1612 Seneca

138 1631 258 1672 posuit
275 1630 320 1663 H.
331 1631 354 1663 f.
376 1631 471 1669 1011,
492 1631 586 1670 1252,
606 1630 700 1663 Med.
721 1631 796 1670 899,
815 1630 945 1663 Phaed.
965 1631 1038 1671 257,
1058 1632 1133 1670 588,
1153 1631 1236 1664 Oed.
1257 1632 1330 1671 809,
1350 1632 1415 1674 Ag.
1436 1633 1489 1670 51,
1508 1631 1572 1664 203

205 1707 269 1738 352
284 1711 321 1740 eb
336 1707 398 1739 355
416 1713 572 1749 eruptum
589 1708 632 1740 ab
648 1708 829 1750 eripiendo
845 1708 980 1741 codices
996 1708 1120 1740 saltem
1137 1708 1290 1751 Appulei
1305 1709 1395 1751 apol.
1415 1709 1457 1741 28
