1872 3183
629 129 1115 172 ASTRONOMICON
1146 129 1212 170 IV
1639 131 1694 168 75

321 240 528 281 admissus
548 239 699 281 dextra
718 239 926 280 Numidas
946 239 1210 294 Libyamque
1228 238 1436 280 calentem

322 314 443 356 alluit
462 318 506 355 et
524 328 702 368 magnae
722 313 938 368 quondam
958 312 1223 367 Carthaginis
1242 326 1357 354 arces

197 395 265 427 600
321 388 529 442 litoraque
548 387 592 428 in
612 387 747 442 Syrtis
766 402 968 429 reuocans
988 387 1156 428 sinuata
1175 386 1357 429 uadosas

322 476 485 503 rursum
504 476 637 516 usque
657 461 712 502 ad
732 461 876 502 Nilum
897 461 1074 503 derectis
1093 461 1292 503 fluctibus
1312 460 1412 501 exit.

322 536 443 578 laeua
463 536 561 578 freti
579 536 764 578 caedunt
782 536 996 591 Hispanas
1016 550 1199 591 aequora
1218 535 1355 591 gentis

158 738 242 766 ΘΒΜ
331 738 410 766 atro
437 733 537 764 codd.
567 733 656 764 Flor.
687 736 723 764 et
752 733 864 770 Bodl.‚
895 737 992 765 astro
1025 737 1120 770 GLM,
1148 736 1223 765 alto
1249 732 1324 764 cod.
1350 732 1504 763 Venetus
1594 731 1695 773 Verg.

158 785 243 817 Aen.
274 793 297 817 v
328 786 368 816 19
395 795 445 826 sq.
475 794 610 824 uespere
638 784 678 815 ab
706 787 776 815 atro
804 784 885 824 (alto
913 782 1225 827 Μ2)1(;οη3αν9αηι
1254 783 1357 821 uenti,
1387 793 1493 824 quam
1520 783 1696 824 regionem

158 836 331 868 Homerus
344 835 384 867 Il.
397 845 452 866 ΧΠ
465 836 529 867 240
542 839 577 866 et
591 835 737 867 Od.xn1
751 836 812 866 241
829 837 925 875 ζόφον
942 838 1091 876 ἠερόεντα
1107 835 1300 876 appellauit
1389 837 1521 865 certam
1533 837 1570 865 et
1581 843 1697 865 neces-

157 887 284 918 sariam
309 886 589 918 emendationem
616 896 735 917 omnes
760 885 955 927 probarunt
980 886 1089 917 donec
1115 889 1258 917 exortus
1283 888 1337 917 est
1362 886 1422 926 qui
1448 895 1583 925 uespere
1608 887 1698 916 astro

155 937 224 969 dici
242 947 342 979 posse
360 938 577 968 existimaret
596 937 755 968 Iacobus.
803 937 863 968 sed
880 937 930 968 illi
949 936 1132 968 dimidium
1151 936 1290 974 licebat,
1308 937 1474 967 insecutis
1492 936 1697 974 editoribus,

157 988 328 1020 Becherto
341 988 496 1020 Breitero
510 988 778 1029 Wageningeno,
791 991 919 1026 totum,
932 997 1069 1028 uespero
1081 987 1121 1019 ab
1133 990 1221 1018 astro
1236 1000 1244 1025 ;
1269 997 1381 1028 neque
1392 988 1462 1018 ista
1473 988 1521 1018 rei
1533 988 1698 1018 metricae

156 1040 282 1081 peritia
306 1039 385 1071 huic
411 1040 520 1071 aetati
544 1050 668 1081 parum
693 1040 868 1077 conuenit,
893 1049 964 1080 qua
987 1039 1090 1070 huius
1113 1039 1191 1070 libri
1216 1050 1249 1070 u.
1279 1040 1341 1070 174
1362 1039 1546 1078 praecocia,
1572 1049 1605 1070 u.
1633 1039 1698 1071 800

155 1093 310 1130 sarrepta
327 1091 563 1122 coniectatum
582 1090 743 1122 uidimus.
791 1099 926 1130 uespere
944 1090 1107 1121 Manilius
1125 1090 1243 1131 posuit
1262 1099 1275 1121 1
1294 1090 1368 1127 872,
1384 1099 1521 1129 uespero
1538 1090 1575 1120 in
1594 1099 1697 1121 uersu

155 1141 360 1173 hexametro
381 1151 483 1172 nemo
505 1151 673 1182 umquam
694 1141 823 1182 posuit,
845 1151 888 1172 ne
909 1141 958 1172 illi
979 1141 1121 1182 quidem
1142 1142 1202 1181 qui
1224 1141 1371 1172 creticae
1392 1150 1574 1172 mensurae
1595 1150 1699 1172 uoces

155 1195 322 1234 sequente
350 1192 446 1223 breui
472 1192 597 1223 elidere
623 1193 876 1229 sustinuerunt,
903 1192 1066 1229 Lucilius,
1093 1192 1218 1223 Accius
1244 1193 1280 1223 in
1306 1191 1501 1229 annalibus,
1530 1191 1699 1223 Horatius

155 1245 191 1275 in
212 1244 439 1281 sermonibus,
461 1243 618 1275 Catullus
636 1244 673 1274 in
692 1243 903 1275 carminibus
922 1246 959 1275 et
977 1243 1092 1285 elegis,
1113 1243 1282 1284 Vergilius
1301 1244 1337 1274 in
1357 1246 1469 1275 metro
1489 1243 1698 1281 Catulliano,

156 1295 287 1328 Seneca
304 1295 341 1326 in
359 1295 502 1326 senariis
593 1295 654 1326 598
671 1298 846 1327 admissus
864 1294 939 1332 GL2,
953 1298 1117 1327 admissis
1135 1299 1168 1332 L,
1183 1299 1222 1326 at
1240 1298 1370 1326 missus
1388 1298 1422 1326 Μ
1512 1295 1575 1325 599
1593 1297 1700 1327 alluit

158 1346 458 1388 Regiomontanus
482 1348 578 1387 (non,
603 1349 645 1377 ut
668 1347 719 1377 ait
743 1345 933 1384 Bentleius,
954 1346 1051 1378 Voss.
1077 1347 1169 1386 390),
1194 1349 1286 1378 aluit
1309 1350 1354 1383 M,
1379 1347 1494 1378 abluit
1517 1349 1566 1378 GL

202 1398 266 1428 600
279 1401 430 1430 uadosas
441 1397 541 1429 codd.
556 1397 645 1428 Flor.
659 1400 695 1429 et
706 1397 819 1435 Bodl.‚
831 1400 974 1430 uadosis
987 1401 1071 1429 ΘΒΜ
1160 1398 1222 1428 601
1234 1407 1375 1429 rursum
1385 1407 1496 1436 usque
1508 1397 1699 1435 Bentleius,

157 1458 354 1487 rursusque
374 1453 469 1486 GLM,
491 1459 560 1489 quo
580 1451 717 1480 retento
737 1452 869 1480 reuocat
888 1449 962 1480 cod.
985 1459 1078 1490 corp.
1094 1448 1171 1481 Chr.
1195 1448 1306 1481 Oxon.
1328 1449 1365 1480 in
1382 1459 1485 1480 uersu
1505 1449 1696 1490 superiore,

158 1500 273 1531 minus
294 1499 532 1541 probabiliter,
556 1499 718 1531 Manilius
739 1500 832 1531 enim
853 1500 971 1541 potius
993 1509 1110 1531 rursus
1128 1502 1156 1531 et
1177 1501 1369 1541 scripturus
1390 1500 1470 1537 fuit,
1493 1502 1534 1532 ut
1555 1508 1599 1531 111
1620 1501 1698 1537 474,

158 1559 197 1582 1v
208 1551 284 1589 388,
298 1552 376 1589 6l3;
401 1551 556 1592 plerique
569 1550 720 1582 editores
732 1550 973 1583 abundantem
984 1551 1265 1583 coniunctionem
1275 1551 1376 1582 facile
1386 1551 1514 1583 ferunt.
1562 1560 1699 1583 rursum

159 1602 310 1634 habetur
326 1611 356 1633 11
372 1603 426 1639 73,
444 1611 482 1633 1v
502 1603 564 1634 125
655 1606 768 1634 nilum
784 1602 884 1634 codd.
905 1602 994 1634 Flor.
1014 1605 1050 1634 et
1067 1602 1180 1640 Bodl.‚
1199 1606 1349 1634 nihilum
1369 1606 1453 1635 (ΗΜ
1542 1602 1606 1634 602
1623 1612 1698 1635 cae-

157 1657 246 1686 dunt
265 1657 302 1691 G,
323 1657 452 1685 cedunt
471 1657 529 1685 LM
617 1656 787 1692 hispanas
807 1653 882 1690 (ΗΡ,
902 1657 1085 1692 hispanias
1101 1658 1159 1685 LM
1249 1663 1404 1692 aequora
1421 1658 1466 1691 Μ,
1479 1663 1632 1692 aequore
1650 1657 1701 1686 GL

246 1714 340 1736 mare
352 1704 467 1742 litora,
480 1707 522 1736 ut
533 1705 663 1746 passim
675 1704 776 1736 ferire
788 1708 824 1736 et
836 1705 1030 1743 uerberare,
1043 1706 1094 1736 ita
1107 1704 1248 1736 caedere
1262 1705 1390 1737 dicitur
1401 1705 1437 1736 in
1450 1715 1551 1737 uersu
1564 1705 1701 1737 Aristo-

157 1755 308 1797 phanico
332 1755 418 1787 Mar.
438 1756 528 1787 Vict.
555 1755 687 1788 G.L.K.
715 1765 753 1787 VI
777 1767 810 1797 p.
839 1757 881 1787 76
906 1766 997 1788 mare
1021 1767 1089 1787 uon
1113 1767 1199 1794 amo,
1225 1757 1321 1795 quod,
1347 1756 1442 1788 modo
1465 1766 1541 1788 cum
1563 1756 1699 1796 placido

158 1807 245 1839 stetit
260 1817 408 1847 aequore,
430 1807 529 1838 litora
543 1808 660 1845 caedit,
683 1807 909 1848 similiterque
925 1808 1055 1839 Seneca
1070 1818 1141 1848 n.q.
1160 1816 1203 1839 111
1219 1808 1261 1838 25
1278 1809 1298 1838 2
1314 1808 1346 1839 si
1360 1807 1578 1840 crebrioribus
1589 1808 1700 1839 uentis

156 1858 281 1889 ostium
300 1858 449 1890 caeditur
466 1861 495 1890 et
514 1858 739 1890 reuerberatur
749 1858 882 1900 fluctu:
915 1862 1036 1900 gentes
1057 1859 1239 1890 caedentia
1260 1869 1412 1900 aequora
1431 1869 1502 1890 non
1522 1860 1595 1890 sine
1615 1859 1700 1891 iuris

156 1910 270 1950 specie
287 1910 466 1951 uituperat
489 1909 639 1941 Iacobus
661 1920 774 1951 progr.
800 1909 926 1941 Lubec.
946 1920 1001 1941 an.
1020 1911 1104 1942 1832
1128 1921 1160 1951 p.
1190 1912 1239 1941 17.
1289 1910 1516 1951 quamobrem
1540 1909 1701 1952 exempla

157 1960 294 2001 aliquot
313 1970 443 2001 ponam
463 1960 591 2001 quibus
611 1960 806 1992 declaretur
825 1971 932 2002 quam
952 1971 1023 1992 non
1044 1964 1139 1992 certo
1160 1960 1227 1992 fine
1247 1965 1372 2002 poetae
1393 1961 1510 1992 Latini
1531 1964 1643 1993 terrae
1663 1964 1700 1993 et

158 2011 279 2053 populi
295 2012 456 2043 notiones
473 2011 720 2049 discreuerint;
751 2022 966 2053 quamquam
983 2022 1026 2043 ne
1043 2012 1182 2044 Graecis
1199 2012 1342 2053 quidem
1358 2012 1518 2053 ignotum
1534 2011 1701 2053 loquendi

156 2072 266 2104 genus
285 2065 339 2094 est
359 2062 417 2094 Ar.
440 2062 576 2094 Thesm.
600 2063 708 2094 855—7
734 2065 851 2095 Νείλου
867 2087 875 2095 .
894 2087 902 2094 .
920 2087 929 2095 .
948 2066 987 2095 ὃσ
1013 2067 1084 2095 ἀντὶ
1105 2066 1179 2095 δίασ
1204 2066 1353 2105 ψακάόοσ
1376 2066 1542 2104 Αἰγύπτου
1563 2065 1671 2096 πέδον
1692 2062 1698 2107 Ι

159 2117 279 2153 λευκῆσ
311 2117 460 2153 νοτίζει,
495 2117 769 2154 μελανοσύρμαιον
801 2117 906 2152 λεών,
940 2118 977 2146 et
1011 2115 1047 2146 in
1080 2114 1196 2146 soluta
1228 2115 1385 2146 oratione
1418 2114 1549 2146 Plinius
1581 2114 1702 2146 Tusci

158 2165 351 2205 orandine
390 2165 542 2197 excussi
581 2165 672 2196 dixit
703 2175 755 2206 ep.
790 2174 828 2196 1v
860 2166 880 2196 6
915 2167 929 2197 1
966 2165 1157 2197 Tuscorum
1188 2165 1331 2207 praedia
1362 2169 1398 2197 et
1428 2165 1564 2197 fructus
1596 2166 1699 2207 signi-

158 2215 275 2247 ficans.
323 2216 431 2257 igitur
467 2216 562 2247 locus
599 2217 741 2257 eiusque
778 2216 911 2248 incolae
948 2219 1146 2257 aequantur
1184 2216 1284 2258 Verg.
1327 2216 1411 2248 Aen.
1452 2225 1465 2248 1
1503 2217 1569 2249 339
1592 2216 1701 2258 fines

160 2267 288 2308 Libyci,
306 2277 422 2307 yenus
444 2267 651 2299 intractabile
673 2267 764 2305 bello,
784 2267 885 2300 Ouid.
905 2277 947 2299 ex
966 2267 1067 2299 Pont.
1083 2276 1096 2298 1
1114 2268 1134 2298 2
1153 2268 1195 2299 77
1214 2277 1264 2308 sq.
1284 2278 1343 2299 nec
1365 2271 1474 2305 uacat,
1493 2268 1531 2299 in
1548 2278 1615 2308 qua
1632 2268 1701 2300 sint

156 2318 263 2358 positi
285 2319 417 2359 reqione
447 2319 630 2356 Tomitae,
653 2317 840 2361 lquaerere,
867 2318 1019 2359 finitimo
1043 2319 1105 2350 uix
1129 2319 1211 2350 loca
1235 2322 1314 2350 nota
1338 2319 1446 2357 Getae,
1471 2319 1529 2351 Sil.
1554 2328 1610 2351 XII
1634 2320 1699 2351 395

159 2379 210 2410 sq.
238 2369 420 2410 (Ennium)
446 2369 584 2409 hispida
607 2370 721 2401 tellus
741 2367 747 2412 Ι
766 2370 929 2401 miserunt
961 2369 1140 2408 Calabri;
1178 2370 1232 2401 his
1265 2373 1383 2402 autem
1412 2370 1580 2402 tribuitur
1604 2370 1700 2412 quod

158 2421 250 2452 illius
266 2422 445 2462 proprium
461 2424 515 2453 est
533 2421 633 2453 Ouid.
653 2424 737 2452 met.
757 2430 795 2452 1v
812 2421 876 2453 209
893 2421 999 2461 qentis
1011 2420 1204 2462 odoriferae,
1221 2430 1245 2452 x
1263 2422 1328 2453 478
1341 2421 1539 2463 palmiferos
1555 2421 1699 2460 Arabas,

158 2471 287 2512 quibus
303 2482 364 2503 cur
380 2471 566 2513 adiungere
584 2471 743 2503 dubitem
767 2472 868 2513 Prop.
888 2481 927 2503 1v
951 2473 970 2503 6
994 2473 1035 2504 77
1057 2472 1240 2512 paludosos
1257 2497 1264 2504 .
1284 2497 1291 2504 .
1311 2496 1318 2504 .
1337 2472 1541 2513 Sugambros
1558 2472 1631 2504 dixi
1654 2473 1701 2504 ad

160 2531 189 2553 11
210 2523 285 2553 224.
333 2525 522 2564 utrumque
543 2523 726 2555 coniunxit
743 2523 899 2555 Valerius
921 2523 1065 2555 Flaccus
1082 2532 1121 2555 VI
1145 2524 1252 2556 137—9
1276 2523 1447 2555 Bacchum
1468 2522 1473 2567 Ι
1493 2524 1552 2555 hac
1573 2533 1700 2564 quoque

155 2573 353 2612 turiserOS‚
383 2573 503 2614 felicia
531 2584 657 2614 reqna,
689 2574 866 2611 Sabaeos,
889 2573 893 2617 Ι
913 2574 974 2606 hac
1023 2574 1156 2606 Arabas
1196 2574 1350 2616 fudisse
1385 2585 1501 2613 manu,
1543 2575 1701 2607 homines

157 2625 251 2656 enim
275 2627 333 2656 tus
354 2635 425 2656 non
446 2624 617 2663 ferebant,
641 2636 747 2667 regna
770 2625 928 2657 Bacchus
950 2635 1020 2657 non
1042 2625 1159 2664 fudit3
1195 2626 1421 2667 similiterque
1444 2626 1547 2658 Silius
1569 2635 1613 2658 111
1634 2627 1700 2658 287

159 2685 210 2717 sq.
237 2685 304 2707 uos
327 2685 452 2716 quoque
472 2676 608 2708 desertis
630 2677 669 2708 in
692 2680 801 2707 castra
824 2676 1016 2716 mapalibus
1039 2677 1119 2714 itis,
1142 2675 1147 2720 Ι
1167 2677 1322 2708 misceri
1345 2677 1498 2717 yreyibus
1519 2677 1701 2710 Gaetulia

156 2729 268 2758 sueta
286 2726 448 2767 serarum.
497 2727 545 2758 sic
569 2726 705 2758 factum
730 2730 785 2759 est
810 2730 851 2759 ut
875 2727 1052 2759 interdum
1085 2728 1288 2769 simpliciter
1312 2728 1389 2759 loca
1413 2739 1475 2770 pro
1501 2728 1701 2761 hominibus

159 2777 430 2818 appellarentur,
453 2777 551 2809 uelut
572 2777 654 2809 Luc.
678 2786 722 2809 111
746 2779 852 2809 174-7
878 2778 993 2810 Boeoti
1013 2779 1134 2810 coiere
1155 2779 1253 2810 duces
1270 2803 1277 2810 .
1297 2803 1304 2810 .
1324 2803 1331 2810 .
1350 2779 1557 2820 Pisaeaeque
1577 2789 1701 2811 manus

157 2829 360 2869 populisque
392 2839 454 2869 per
484 2838 627 2869 aequora
661 2829 794 2861 mitteris
831 2828 836 2872 Ι
870 2829 1024 2862 Sicaniis
1058 2830 1226 2870 Alpheos
1258 2839 1373 2871 aquae,
1406 2830 1463 2863 Sil.
1495 2839 1560 2863 XIV
1590 2832 1701 2863 220-2
