1872 3183
168 140 223 180 66
756 137 818 179 Μ.
851 136 1105 179 MANILII

329 263 415 304 qua
434 247 553 290 uelut
573 251 748 289 exustus
768 246 973 289 Phoebeis
993 247 1159 302 ignibus
1179 247 1286 302 ignis

329 323 471 365 deficit
491 328 534 364 et
554 321 689 364 multa
709 321 849 363 fuscat
867 321 1047 377 caligine
1066 321 1194 371 sidus,

329 397 489 439 lumina
509 396 707 438 deficient
726 401 888 451 partus,
909 396 1205 451 geminamque
1225 396 1375 437 creatis

330 477 511 514 mortem
531 471 622 513 fata
642 470 809 512 dabunt
829 486 836 512 :
873 485 917 512 se
937 470 1115 526 quisque
1135 475 1178 512 et
1196 470 1307 512 uiuit
1327 476 1370 512 et
1391 469 1523 511 effert.

166 646 243 678 luce
267 646 470 687 Praesaepe‚
501 644 596 687 quod
621 647 722 685 νέφοσ
749 645 992 685 πεφωτισμένον
1020 643 1148 675 dicitur
1176 642 1299 674 Achill.
1329 643 1413 685 isag.
1437 644 1490 681 34,
1523 645 1715 685 προσεοικὸσ·

167 697 214 738 τῷ
247 700 389 738 ’γαλαξίᾳ
413 697 519 729 schol.
550 697 647 728 Arat.
680 697 745 728 893
836 696 897 727 531
928 706 998 734 qua
1031 695 1070 727 F.
1105 695 1238 732 Ium‘us,
1273 705 1363 734 quae
1396 694 1475 726 libri
1566 698 1716 727 exustus

166 749 328 787 Iacobus,
352 759 396 781 ex
419 753 521 781 sutus
544 753 590 785 M,
614 753 741 780 exutus
765 751 813 779 GL
835 746 911 778 cod.
927 747 1093 784 Venetus,
1118 746 1280 778 extinctus
1304 746 1405 778 codd.
1432 745 1521 777 Flor.
1546 749 1583 778 et
1610 745 1710 777 Bodl.

257 800 436 832 Bentleius
453 801 489 831 in
508 800 572 838 his,
593 809 687 841 quae,
706 799 798 831 uelut
815 799 978 830 extinctus
994 797 1154 829 Phoebeis
1172 797 1307 838 iynibus
1324 798 1425 838 iynis,
1444 797 1564 839 deficit,
1582 797 1712 829 nubem

167 862 248 884 cum
261 851 340 883 foco
357 852 554 893 comparari
570 854 676 892 putat
693 851 754 892 qui
771 850 851 882 solis
869 849 974 881 radiis
991 849 1195 881 uerberatus
1212 850 1440 890 extinguatur
1454 861 1462 886 ;
1493 848 1554 880 sed
1570 848 1714 881 frustra.

166 903 277 935 nubes
296 904 389 935 enim
408 913 479 935 non
499 902 639 934 deficit:
673 902 791 934 deficit
810 903 846 932 in
865 911 906 932 ea
925 904 1025 942 parte
1045 901 1133 942 ignis
1152 900 1287 938 Cancri,
1307 900 1404 932 uelut
1424 900 1556 932 Phoebi
1575 900 1718 942 ignibus

165 955 215 987 ibi
235 955 426 987 solstitium
447 955 560 986 facere
581 954 675 986 soliti
692 957 848 990 exustus,
867 952 1129 993 deficiendoque
1146 952 1249 984 nubis
1266 953 1415 993 speciem
1433 952 1548 983 efficit.
1592 952 1716 983 similis

165 1003 271 1036 lactei
286 1004 405 1035 circuli
420 1013 526 1035 causa
542 1003 700 1034 redditur
716 1011 730 1034 1
746 1003 855 1035 730-3
873 1002 951 1033 illac
967 1002 1049 1033 sotis
1065 1011 1163 1041 equos
1179 1001 1324 1032 diuersis
1339 1000 1492 1032 cursibus
1508 1001 1574 1032 isse
1595 999 1600 1043 Ι
1619 1003 1716 1041 atque

166 1055 273 1087 aliam
292 1055 429 1087 triuisse
448 1055 555 1092 uiam,
577 1054 776 1095 longumque
794 1063 854 1093 per
873 1062 996 1084 aeuum
1018 1051 1022 1095 Ι
1043 1055 1175 1083 exustas
1196 1052 1326 1093 (exutas
1348 1053 1386 1091 L)
1411 1052 1502 1083 sedes
1525 1051 1718 1092 inmotaque

166 1107 278 1139 sidera
285 1107 439 1148 flammi-s
461 1105 465 1149 Ι
485 1105 673 1138 caeruleam
687 1115 783 1136 uerso
797 1105 939 1144 speciem
954 1107 1100 1135 mutasse
1114 1103 1229 1141 colore,
1244 1104 1354 1135 747-9
1369 1106 1397 1134 et
1411 1103 1539 1135 caelum
1564 1106 1717 1135 exustum

167 1159 318 1199 (exutum
341 1159 377 1198 L)
402 1161 447 1189 est
467 1168 477 1189 .·
513 1157 577 1189 luit
599 1157 673 1197 ipse
695 1156 853 1188 incendia
876 1155 1034 1192 mundus,
1058 1154 1062 1198 Ι
1083 1157 1111 1186 et
1133 1164 1225 1185 noua
1247 1154 1375 1185 uicinis
1391 1154 1582 1195 flaqrarunt
1605 1154 1716 1186 sidera

160 1210 316 1251 flammis
336 1207 342 1253 Ι
361 1219 451 1240 nunc
465 1218 592 1249 quoque
604 1209 777 1248 praeteriti
786 1207 911 1248 factem
926 1206 1101 1247 referentia
1116 1216 1225 1243 casus,
1240 1208 1276 1237 et
1290 1205 1446 1237 indidem
1460 1205 1489 1237 is
1503 1205 1598 1237 color
1612 1215 1717 1247 quem

167 1261 311 1293 Saturni
326 1261 447 1292 stellae
463 1260 629 1301 astrologi
644 1259 847 1291 attribuunt
863 1259 1034 1299 repetitur
1049 1256 1214 1290 C.O.A.G.
1234 1266 1255 1287 v
1273 1257 1297 1288 ii
1314 1267 1347 1298 p.
1373 1257 1435 1289 132
1462 1257 1549 1288 26-8
1570 1256 1718 1297 (mundo

168 1323 287 1344 recens
323 1316 409 1344 nato
442 1312 662 1354 planetisque
696 1310 811 1343 Solem
846 1309 1077 1352 fugientibus)
1111 1311 1127 1341 ὁ
1160 1311 1285 1350 Κρόνοσ
1302 1333 1310 1341 .
1330 1333 1337 1340 .
1357 1332 1365 1340 .
1384 1310 1534 1348 ἐφθάσθη
1569 1310 1629 1340 ὑπὸ
1655 1311 1720 1340 τὰο·

170 1368 227 1397 τοῦ
257 1364 370 1396 (Ηλὶου
404 1366 511 1404 abydo·
544 1366 595 1395 καὶ
628 1365 706 1402 ἐκάη
738 1365 791 1394 καὶ
823 1364 977 1403 ἐξηράνθη
1011 1363 1062 1393 καὶ
1100 1363 1151 1392 διὰ
1187 1363 1282 1392 τοῦτο
1312 1362 1418 1399 μέλαο·
1450 1362 1601 1401 ἐγένετο;
1634 1369 1717 1390 nam

173 1416 365 1448 Saturnum
393 1425 464 1447 non
492 1415 607 1446 minus
635 1424 743 1455 quam
771 1413 962 1455 Praesaepe
990 1413 1128 1454 nigrum
1157 1412 1348 1454 appellant,
1372 1411 1470 1443 uelut
1498 1411 1580 1443 Luc.
1611 1420 1625 1442 1
1653 1411 1720 1442 652

170 1467 264 1499 stella
289 1477 409 1498 nocens
436 1466 548 1506 niqros
574 1465 719 1498 Saturni
743 1465 928 1497 accenderet
956 1464 1056 1504 tynis.
1107 1464 1198 1495 adde
1225 1463 1327 1496 Ouid.
1351 1466 1436 1494 met.
1464 1471 1493 1494 11
1517 1462 1581 1494 313
1605 1461 1720 1494 saeuis

171 1519 362 1559 conpescuit
385 1517 521 1559 iynibus
544 1518 637 1558 iynes
727 1517 790 1548 532
813 1519 930 1549 deficit
952 1519 1021 1552 LM,
1040 1518 1153 1547 defuit
1176 1519 1201 1547 G
1292 1515 1354 1546 533
1378 1518 1503 1553 partus
1527 1513 1718 1551 Bentleius‚

170 1575 272 1603 artus
298 1574 334 1608 G,
361 1575 483 1603 arctus
507 1573 566 1601 LM
591 1568 667 1601 eod.
688 1569 854 1605 Venetus,
881 1572 980 1599 ortus
1007 1567 1168 1608 Scaliger,
1192 1566 1250 1607 qui
1279 1568 1399 1598 tamen
1424 1565 1593 1607 praetulit
1618 1568 1715 1596 ortos.

171 1625 265 1653 artus
280 1621 539 1653 Bonincontriis
554 1621 665 1652 Iuniis
680 1620 808 1651 Ellisiis
823 1619 1057 1660 relinquemus
1071 1630 1078 1650 z
1102 1621 1222 1658 partus
1236 1617 1367 1659 passim
1381 1616 1547 1648 dicuntur
1561 1616 1720 1647 homines

171 1674 269 1715 signo
283 1673 400 1714 aliquo
414 1673 501 1710 nati,
516 1673 614 1704 uelut
628 1681 656 1703 11
669 1672 745 1709 548,
760 1672 836 1708 560,
852 1672 927 1708 571,
943 1671 1018 1707 610,
1034 1671 1096 1701 627
1110 1682 1118 1706 ;
1142 1672 1233 1700 ortus
1246 1668 1362 1706 semel,
1377 1677 1414 1699 1v
1428 1669 1493 1700 206
1506 1667 1720 1699 Palamedeis

171 1728 347 1756 certantem
376 1724 509 1756 uiribus
537 1727 645 1755 ortum
736 1723 914 1763 9eminam,
944 1732 1024 1753 cum
1053 1722 1145 1752 enim
1174 1730 1266 1752 mors
1295 1720 1482 1761 unicuique
1511 1719 1722 1751 denuntiata

171 1777 331 1808 nascenti
349 1776 405 1814 sit,
426 1779 466 1807 ut
485 1776 535 1807 ait
553 1775 685 1808 Seneca
698 1774 774 1806 1000
793 1774 837 1805 ad
856 1784 888 1805 u.
913 1774 952 1804 16
972 1773 1102 1810 adlato,
1117 1782 1219 1803 caeco
1238 1771 1382 1803 alterius
1400 1774 1436 1802 et
1454 1771 1578 1813 prioris
1596 1771 1721 1803 mortis

172 1829 285 1860 instar
302 1828 497 1869 iniungitur
514 1827 674 1858 caecitas.
725 1826 815 1858 Stat.
836 1824 943 1856 Theb.
963 1833 1003 1856 XI
1021 1825 1083 1856 581
1104 1834 1154 1865 sq.
1176 1823 1330 1865 Oedipus
1347 1825 1554 1854 excaecatus
1570 1821 1696 1862 profert
1714 1815 1719 1858 Ι

174 1882 310 1911 mortem
333 1878 561 1920 inperfectam,
585 1877 678 1909 idem
702 1876 779 1909 Sen.
807 1876 936 1908 Phoen.
962 1877 1003 1907 47
1028 1876 1136 1906 emori
1159 1875 1301 1916 cupiens
1325 1877 1460 1905 mortem
1482 1874 1599 1915 inquit
1622 1875 1723 1904 totam

174 1930 322 1968 admitte,
344 1929 428 1962 Oed.
444 1930 574 1961 949—51
598 1928 705 1960 oculis
726 1938 763 1959 se
783 1928 986 1968 priuaturus
1006 1936 1094 1957 mors
1115 1925 1256 1966 elt'yatur
1277 1925 1402 1965 lon9a;
1434 1926 1613 1965 quaeratur
1633 1924 1694 1955 uia
1715 1921 1723 1966 Ι

175 1991 242 2022 qua
255 1991 314 2013 nec
328 1981 471 2021 sepultis
484 1981 610 2012 mixtus
625 1983 653 2011 et
667 1980 763 2011 uiuis
777 1982 887 2010 tamen
909 1976 914 2021 Ι
934 1980 1103 2018 exemptus
1118 1987 1203 2009 erres
1219 1987 1230 2008 .·
1256 1986 1390 2014 morere,
1405 1976 1462 2008 sed
1475 1976 1560 2008 citra
1570 1978 1722 2015 patrem;

176 2033 254 2066 Sen.
282 2035 393 2065 contr.
420 2041 474 2064 vu
499 2034 520 2063 4
545 2033 566 2064 9
592 2032 652 2073 qui
677 2031 795 2063 oculos
821 2029 974 2072 perdidit
999 2029 1122 2061 uiuum
1146 2029 1290 2060 cadauer
1314 2027 1512 2070 appellatur
1602 2027 1666 2058 534
1690 2036 1726 2058 se

176 2085 315 2126 quisque
337 2087 366 2116 et
387 2084 478 2115 uiuit
500 2087 528 2115 et
550 2083 651 2125 effert,
675 2093 709 2114 se
732 2086 916 2123 tamquam
938 2083 1117 2113 mortuum
1139 2079 1240 2112 effert
1261 2080 1369 2111 etiam
1390 2078 1475 2111 dum
1497 2078 1597 2110 uiuit.
1645 2088 1726 2109 raro

177 2136 274 2179 apud
288 2136 433 2168 Latinos
447 2135 607 2177 exemplo
622 2134 681 2165 illa
696 2137 724 2165 et
738 2134 829 2165 uiuit
844 2136 872 2165 et
886 2133 937 2164 ita
951 2132 1159 2174 interposita
1173 2134 1256 2163 sunt
1271 2134 1311 2162 ut
1325 2141 1359 2162 se
1373 2129 1418 2162 ad
1432 2129 1545 2162 solum
1559 2128 1726 2161 efferendi

178 2188 326 2220 uerbum
352 2187 538 2230 pertineat.
586 2185 757 2218 similibus
785 2185 902 2216 Plauti
928 2184 1151 2224 Terentiique
1178 2183 1261 2214 locis
1288 2183 1324 2213 in
1350 2181 1495 2223 uulgum
1521 2181 1626 2218 notis,
1654 2181 1722 2211 aul.

178 2241 266 2272 95-’7
296 2238 493 2271 mortarium
510 2262 518 2269 .
537 2262 546 2269 .
566 2261 572 2268 .
586 2236 683 2278 fures
712 2237 868 2268 uenisse
891 2238 1003 2276 atque
1032 2234 1209 2266 abstulisse
1237 2233 1349 2270 dicito,
1376 2234 1441 2264 270
1466 2231 1608 2263 uascula
1631 2231 1732 2262 intus<

177 2300 263 2331 pure
285 2299 451 2330 propera
483 2292 593 2329 atque
617 2288 700 2324 elue,
727 2287 782 2319 ad.
808 2288 872 2319 917
898 2290 934 2317 ta
958 2286 1037 2317 illas
1069 2285 1132 2316 abi
1162 2287 1198 2316 et
1232 2285 1376 2321 traduce,
1402 2283 1578 2315 Vahlenus
1602 2282 1722 2314 Herm.

178 2351 229 2374 xv
242 2352 301 2384 pp.
319 2342 381 2373 261
399 2351 449 2382 sq.
467 2340 555 2372 duos
571 2339 719 2377 addidit,
737 2339 826 2370 Enn.
844 2349 899 2380 ap.
916 2337 1001 2370 Gell.
1020 2346 1048 2369 11
1063 2338 1105 2369 29
1121 2338 1140 2368 7
1151 2336 1210 2377 fac
1225 2336 1351 2367 amicos
1369 2345 1432 2366 eas
1449 2337 1482 2366 et
1498 2343 1589 2375 reyes
1603 2336 1639 2365 et
1654 2333 1723 2366 Cic.

180 2403 244 2435 pro
267 2393 406 2432 Quinct.
426 2393 469 2425 76
491 2401 595 2433 neque
616 2395 644 2422 te
669 2391 784 2431 ipsum
810 2390 846 2422 id
871 2390 956 2430 quod
981 2388 1176 2428 turpi-ssime
1199 2387 1401 2427 suscepisses
1424 2395 1671 2426 perseuerare
1693 2388 1727 2416 et

180 2444 363 2485 transiqere
382 2443 542 2484 potuisse.
591 2442 644 2474 his
668 2441 838 2473 accedant
861 2441 938 2472 ciris
963 2440 1072 2472 290—2
1095 2442 1167 2471 terte
1190 2448 1245 2479 eqo
1270 2441 1338 2469 tam
1364 2437 1456 2478 louqe
1479 2439 1592 2476 capta
1616 2439 1732 2477 atque

181 2499 299 2528 auecta
314 2495 456 2536 nequiui
472 2518 480 2526 .
499 2518 507 2526 .
526 2518 534 2526 .
554 2494 694 2535 effuqere
709 2494 724 2525 ,2⁹
740 2496 777 2524 et
797 2492 900 2524 Mart.
918 2501 943 2523 x
961 2492 1003 2523 80
1021 2492 1041 2522 6
1057 2500 1139 2530 pars
1156 2490 1264 2521 mator
1280 2489 1439 2521 lacrimas
1461 2488 1559 2520 ridet
1582 2490 1614 2519 et
1634 2488 1727 2519 intus

182 2547 287 2585 habet,
312 2546 355 2578 de
379 2556 449 2588 quo
467 2545 647 2588 disputaui
671 2545 707 2576 in
730 2544 879 2576 Journal
903 2543 939 2575 of
963 2542 1145 2584 Philology
1166 2550 1242 2573 xxx
1266 2551 1299 2582 p.
1325 2541 1414 2577 253;
1451 2542 1631 2582 praeterea
1654 2537 1726 2570 Silii

182 2609 314 2637 uersus,
340 2608 428 2640 quos
453 2597 536 2639 quja
560 2607 631 2628 non
655 2595 863 2637 intellegunt
887 2597 1127 2635 corrumpunt,
1151 2601 1206 2624 ΧΠ
1230 2593 1317 2624 55-9
1342 2592 1433 2623 haud
1456 2601 1560 2628 secus,
1585 2588 1730 2622 occuluit

181 2650 259 2682 sami
273 2659 355 2691 quos
370 2649 491 2680 uertice
500 2647 592 2689 fetus
612 2646 617 2691 Ι
636 2647 705 2679 ales
715 2646 820 2688 fulua
838 2646 858 2677 Ι
859 2646 945 2683 ouis,
962 2645 1060 2677 tacito
1076 2644 1107 2676 si
1121 2644 1166 2676 ad
1180 2644 1331 2675 culmina
1345 2643 1426 2675 nisu
1447 2641 1451 2685 Ι
1472 2642 1580 2674 euasit
1593 2649 1729 2680 serpens

183 2704 340 2742 terretque
358 2701 573 2741 propinquus
594 2699 700 2736 hiatu,
723 2697 728 2741 Ι
747 2698 809 2730 illa
829 2697 952 2729 hostem
968 2722 976 2728 .
995 2721 1002 2728 .
1023 2721 1030 2728 .
1049 2696 1216 2728 incessens
1232 2719 1240 2727 .
1259 2719 1267 2727 .
1286 2719 1294 2727 .
1312 2693 1540 2730 circumuolat,
1561 2691 1622 2724 ubi
1642 2691 1728 2723 ordo

184 2752 384 2784 huiusmodi
396 2755 461 2789 est,
475 2752 506 2783 si
518 2760 653 2791 serpens
660 2749 752 2791 fetus
768 2749 816 2781 ad
828 2749 1002 2780 culmina
1020 2747 1145 2779 euasit
1163 2750 1195 2778 et
1211 2749 1315 2778 terret.
1363 2745 1512 2777 alterum
1529 2742 1730 2784 duplicatae

185 2804 222 2835 in
235 2803 300 2835 hac
315 2803 426 2845 figura
439 2802 693 2834 coniunctionis
707 2800 906 2842 exemplum
921 2800 1087 2831 Latinum
1102 2809 1172 2830 11011
1185 2798 1279 2836 noui,
1295 2797 1355 2829 sed
1369 2796 1540 2829 Graecum
1553 2794 1734 2826 Theocriti.

187 2854 284 2887 anth.
312 2854 384 2886 Pal.
414 2863 466 2886 vn
493 2854 558 2886 664
586 2855 601 2886 1
631 2854 826 2894 Ἀρχίλοχον
856 2854 917 2884 καὶ
946 2853 1054 2884 στᾶθι
1084 2853 1142 2882 καὶ
1170 2852 1266 2881 εἴσιδε
1294 2851 1349 2881 τὸν
1379 2850 1481 2880 πάλαι
1505 2847 1640 2885 ποιητάν
