1872 3183
570 133 1057 177 ASTRONOMICON
1090 134 1156 176 IV
1545 137 1626 176 103

250 245 361 286 orbis
382 250 425 287 et
444 245 652 300 inperium
671 245 826 286 retinet
846 245 1089 287 discrimina
1108 260 1248 287 rerum

125 326 197 357 '775
251 319 441 360 lancibus
462 324 505 360 et
523 319 683 374 positas
703 324 848 374 gentes
868 319 1064 374 tollitque
1083 320 1336 375 premitque,

251 407 335 448 qua
354 392 520 448 genitus
539 393 690 434 Caesar
711 393 861 435 melius
881 407 993 435 nunc
1013 394 1205 435 condidit
1224 394 1372 435 urbem

88 532 205 564 Roma.
254 531 403 564 Romam
440 532 540 564 Luna
575 533 611 564 in
652 532 756 564 Libra
790 533 986 564 constituta
1026 533 1206 565 conditam
1247 533 1441 566 credebant
1483 536 1625 566 auctore

86 583 242 615 Tarutio.
290 583 357 616 Cic.
389 583 431 614 de
461 584 530 615 diu.
562 592 590 615 Π
620 584 662 615 98
690 583 819 615 Dacius
850 585 983 624 quidem
1020 584 1183 616 Tarutius
1215 585 1413 623 Firmanus,
1434 585 1625 627 familiaris

89 638 206 673 noster,
236 635 274 666 in
298 635 424 675 primis
449 635 642 667 Chaldaicis
670 635 859 667 rationibus
887 636 1047 673 eruditus,
1073 635 1167 667 urbis
1193 637 1292 668 etiam
1320 639 1450 668 nostrae
1478 636 1625 669 natalem

87 686 177 718 diem
189 685 349 726 repetebat
362 685 403 717 ab
417 686 465 717 eis
479 686 653 717 Parilibus
666 686 786 727 quibus
801 696 873 718 eam
887 696 908 718 a
924 687 1066 718 Romulo
1077 687 1244 719 conditam
1253 688 1454 728 accepimus,
1467 688 1624 720 Romam·

87 747 161 778 que,
183 737 222 768 in
244 737 329 777 Iuyo
349 746 425 768 cum
446 740 526 768 esset
546 737 657 774 Luna,
680 741 796 769 natam
817 748 885 769 esse
905 738 1031 769 dicebat
1047 748 1104 769 nec
1122 738 1196 770 eius
1211 739 1288 779 sata
1304 749 1420 771 canere
1440 739 1620 776 dubitabat,

88 788 193 820 Solin.
224 790 239 820 1
269 789 309 820 18
341 788 506 820 Romulus
522 813 529 819 .
549 813 556 820 .
576 813 583 820 .
605 789 778 829 auspicato
812 799 982 821 murorum
1001 789 1225 830 fundamenta
1250 790 1351 822 iecit.
1370 814 1378 822 .
1398 814 1405 822 .
1426 814 1435 828 ,
1466 791 1553 822 sicut
1581 790 1621 822 L.

91 839 296 871 Tarruntius
321 839 471 880 prodidit
500 839 807 871 mathematicorum
835 839 1078 877 nobilissimus,
1107 840 1190 872 Ioue
1215 841 1253 872 in
1278 841 1445 878 Piscibus,
1475 841 1624 873 Saturno

95 890 217 922 Venere
236 890 348 922 Marte
368 890 539 922 Mercurio
558 891 596 922 in
617 891 810 931 Scorpione,
831 891 908 923 Sole
924 891 962 922 in
981 891 1105 928 Taum,
1125 891 1225 923 Isana
1245 893 1283 923 in
1302 892 1406 924 Libra
1425 892 1624 930 constitutis,

89 940 176 983 Lyd.
195 941 238 973 de
255 951 364 973 mens,
384 951 399 973 Ι
419 942 460 973 14
477 943 497 981 ὴ
525 944 558 973 δὲ
584 944 648 982 ὥρα
676 945 738 981 τῆσ
768 944 894 974 πόλεωσ
917 944 980 983 ὥρα
998 945 1126 983 δευτέρα
1154 946 1214 984 πρὸ
1230 946 1353 984 τρίτησ,
1374 946 1419 975 ὡσ
1433 946 1626 985 Ταρροὺτιοσ

89 995 105 1024 ὸ
129 994 355 1031 μαθηματικὸσ
381 994 612 1033 κατεστήριξεν,
648 994 727 1024 Διὸσ
751 994 809 1031 μὲν
834 996 868 1024 ἐν
897 993 1034 1032 Ἰχθύσι,
1063 995 1185 1034 Κρόνου
1213 996 1245 1025 δὲ
1275 996 1326 1026 καὶ
1354 994 1551 1035 Ἀφροδίτησ
1573 997 1627 1026 καὶ

84 1043 201 1085 ”Apeva
217 1045 268 1075 καὶ
282 1043 399 1084 Ἑρμοῦ
425 1045 583 1084 Σκορπὶῳ,
601 1043 716 1075 εΗλιόυ
734 1045 767 1075 δὲ
784 1046 893 1084 Ταύρῳ
914 1047 967 1075 καὶ
988 1046 1137 1083 Σελήνησ
1154 1044 1256 1085 Ζυγῷ.
1282 1046 1286 1050 ’
1305 1044 1393 1077 Ptol.
1410 1048 1489 1077 tetr.
1504 1055 1538 1087 p.
1557 1046 1625 1078 19¹¹·

88 1097 199 1126 ἐκεῖνοι
216 1096 359 1133 μάλιστα
376 1096 578 1133 συμπαθοῦσι
595 1096 684 1134 (ταῖσ
697 1097 944 1136 μητροπόλεσιν)
963 1097 991 1126 οἱ
1010 1097 1101 1127 τόποι
1116 1098 1171 1127 τοῦ
1187 1098 1339 1136 ζῳδιακοῦ
1360 1098 1486 1136 κύκλου,
1505 1097 1576 1129 καθ’
1593 1098 1628 1128 ὃν

89 1151 121 1177 ἐν
137 1148 212 1177 ταῖσ
230 1148 410 1186 καταρχαῖσ
423 1148 486 1177 τῶν
500 1148 631 1177 κτίσεων
644 1148 760 1185 αὐτῶν,
777 1147 822 1177 ὡσ
835 1149 889 1177 ἐπὶ
905 1148 1072 1185 γενέσεων,
1089 1149 1105 1178 ὅ
1127 1159 1161 1177 τε
1175 1150 1268 1185 ἣλιοσ
1286 1149 1338 1178 καὶ
1355 1149 1375 1186 ὴ
1392 1148 1511 1186 σελήνη
1529 1160 1627 1188 παρο-

93 1199 239 1229 ῦεύοντεο-
256 1199 435 1237 ἐτύγχανον
525 1196 589 1228 774
599 1200 776 1235 inperium
793 1200 861 1235 LM,
879 1201 1030 1236 imperia
1049 1201 1085 1235 G,
1107 1197 1195 1229 orbis
1213 1199 1251 1230 in
1275 1198 1417 1239 imperio
1437 1198 1625 1231 Bentleius.

89 1248 193 1280 simul
218 1248 332 1280 Roma
353 1247 455 1280 simu]
480 1248 571 1279 orbis
600 1251 771 1280 terrarum
791 1249 974 1290 imperium
1005 1249 1109 1280 Libra
1136 1249 1317 1281 eonditum
1345 1253 1409 1288 est,
1436 1253 1627 1292 utrumque

87 1303 208 1332 autem
240 1309 368 1331 nomen
397 1299 583 1331 uerborum
615 1300 733 1331 retinet
765 1300 848 1331 tollit
877 1300 1001 1340 premit
1033 1300 1229 1332 subiectum
1262 1304 1325 1332 est.
1400 1301 1488 1333 Flor.
1522 1310 1551 1333 11
1582 1303 1627 1334 34

88 1352 146 1383 fin.
179 1361 225 1383 an
257 1351 338 1392 quia
366 1351 565 1383 condidisset
593 1351 777 1392 imperium
808 1352 973 1383 Romulus
1001 1355 1184 1389 uocaretur,
1215 1352 1293 1384 Sen.
1329 1352 1371 1384 de
1398 1353 1473 1385 ben.
1509 1362 1551 1385 111
1583 1354 1626 1386 37

94 1405 107 1434 1
144 1403 327 1435 conditores
364 1402 511 1434 Romani
546 1403 694 1443 imperii,
733 1403 820 1435 Plin.
858 1403 927 1434 n.h.
960 1412 1010 1435 xv
1050 1405 1091 1435 77
1129 1404 1246 1436 nutrix
1280 1404 1418 1436 Romuli
1450 1414 1488 1436 ac
1528 1404 1626 1437 Remi

90 1453 270 1485 conditoris
299 1454 447 1494 imperii,
478 1453 565 1495 Nep.
591 1454 653 1485 uit.
678 1454 752 1485 Att.
777 1455 797 1486 3
820 1455 840 1486 3
869 1454 908 1486 in
941 1465 979 1486 ea
994 1478 1002 1486 .
1022 1479 1029 1485 .
1049 1479 1056 1485 .
1076 1454 1154 1486 urbe
1170 1479 1178 1486 .
1198 1479 1206 1487 .
1226 1479 1234 1486 .
1253 1455 1292 1486 in
1323 1466 1391 1496 qua
1415 1455 1627 1488 domicilium

88 1505 179 1536 orbis
208 1508 369 1536 terrarum
394 1507 475 1536 esset
499 1505 636 1545 imperii
725 1505 787 1536 775
813 1509 949 1544 positas
973 1509 1043 1544 LM,
1070 1509 1196 1544 positis
1221 1510 1246 1538 G
1270 1506 1441 1548 probante
1467 1506 1626 1540 Bentleio

89 1560 127 1588 -et
167 1559 248 1598 post
287 1566 366 1588 eum
408 1556 587 1597 plerisque.
636 1556 793 1588 ordinem
834 1567 906 1588 esse
947 1557 1100 1589 lancibus
1149 1558 1280 1598 positas
1315 1557 1446 1590 adnoto
1483 1562 1627 1601 propter

90 1608 301 1649 Scaligerum
333 1610 369 1639 et
401 1607 538 1648 Fayum
624 1608 687 1639 776
715 1617 836 1640 caesar
867 1611 992 1640 melius
1006 1609 1036 1646 *‚
1072 1618 1262 1646 caesarque
1301 1618 1401 1641 meus
1440 1613 1485 1649 M,
1527 1619 1627 1643 meus

90 1663 125 1699 L,
144 1669 222 1691 cum
238 1661 350 1691 fratre
365 1668 483 1690 remus
502 1658 576 1697 (ΗΡ,
602 1658 709 1690 uerba
728 1670 794 1690 om.
815 1659 889 1690 cod.
911 1659 1064 1691 Venetus
1153 1669 1245 1692 nunc
1270 1664 1339 1700 LM,
1358 1664 1449 1693 hanc
1473 1661 1536 1693 GL²

179 1714 303 1743 urbem
333 1709 406 1749 GL2,
441 1714 559 1742 orbem
590 1713 648 1742 LM
754 1710 797 1742 de
835 1711 901 1742 hoc
942 1721 1055 1747 uersu,
1097 1721 1201 1752 quem
1243 1712 1421 1744 Bentleius
1461 1713 1627 1745 insecutis

88 1761 282 1793 editoribus
309 1760 495 1793 delendum
522 1771 595 1792 esse
620 1762 802 1803 persuasit,
828 1762 898 1793 iam
925 1763 961 1793 in
988 1763 1065 1794 libri
1090 1771 1103 1794 1
1130 1762 1294 1801 editione,
1321 1774 1379 1806 pp.
1408 1764 1492 1796 xxix
1517 1774 1567 1806 sq.
1590 1767 1627 1796 et

94 1814 154 1845 lxx
177 1823 241 1854 sq„
264 1816 300 1844 et
322 1813 358 1844 in
383 1812 545 1844 Classical
563 1812 748 1854 Quarterly
771 1823 825 1844 an.
849 1814 933 1845 1913
957 1824 1015 1856 pp.
1037 1815 1145 1845 112-4
1167 1814 1356 1856 disputaui.
1406 1816 1537 1854 melius,
1561 1816 1626 1848 1100

91 1868 146 1896 est
160 1874 276 1896 meuus
292 1864 396 1904 (sicut
410 1863 475 1896 celi
487 1874 550 1905 pro
564 1874 623 1896 ceu
641 1865 809 1906 scriptum
824 1868 877 1896 est
892 1874 915 1896 v
930 1866 998 1905 36),
1015 1866 1051 1897 in
1066 1876 1158 1897 meus
1174 1869 1357 1898 contracto
1374 1867 1487 1907 (cuius
1504 1868 1626 1900 erroris

91 1915 286 1947 contrarius
302 1915 417 1946 factus
434 1918 487 1947 est
504 1915 605 1946 Mart.
625 1924 679 1947 vn
697 1917 738 1947 87
759 1917 787 1953 1,
806 1916 865 1947 ubi
884 1927 976 1948 meus
992 1920 1025 1957 β,
1044 1917 1165 1948 melius
1177 1918 1213 1957 7)
1226 1918 1383 1949 restabat
1395 1928 1509 1949 caesar
1521 1929 1625 1956 meus,

91 1966 187 2008 quod
214 1967 250 1998 in
278 1966 468 2008 archetypo
489 1965 595 1997 fuisse
616 1966 765 1998 uidetur.
814 1966 938 1998 deinde
965 1968 1001 1998 in
1029 1967 1139 1999 altera
1166 1968 1274 2009 stirpe
1302 1969 1404 2000 metri
1432 1979 1538 2000 causa
1564 1979 1626 2010 que

92 2019 262 2050 insertum
286 2020 350 2054 est,
376 2016 672 2058 quemadmodum
697 2027 725 2049 11
750 2019 815 2050 495
839 2021 931 2049 recte
955 2019 994 2050 in
1017 2022 1135 2050 mutua
1159 2022 1195 2056 G,
1215 2022 1376 2060 corrupte
1400 2023 1434 2051 M
1458 2020 1497 2051 in
1521 2023 1625 2056 muta,

92 2068 301 2110 interpolate
325 2068 474 2109 denique
499 2072 521 2099 L
545 2068 752 2109 immutaque
776 2069 941 2106 exhibet;
979 2078 1017 2101 Ν
1041 2070 1117 2107 588,
1136 2069 1195 2101 ubi
1219 2073 1407 2102 nascentem
1430 2071 1628 2112 lapsumque

93 2120 266 2157 Manilius,
290 2129 408 2151 omnes
430 2119 509 2150 libri
531 2119 718 2160 ipsumque,
737 2123 762 2151 G
784 2121 924 2161 insuper
942 2124 1216 2161 nascentemque3
1251 2121 1353 2153 Mart.
1376 2130 1432 2153 ΧΠ
1454 2123 1498 2154 50
1522 2123 1537 2154 l
1562 2132 1626 2164 pro

91 2171 200 2202 aerios
225 2170 381 2211 pityonas
406 2179 489 2211 pars
514 2170 673 2201 codicum
699 2171 845 2210 eriosque
866 2174 1035 2211 pytonas3
1062 2170 1163 2203 Ouid.
1192 2172 1281 2203 trist.
1308 2180 1322 2203 1
1348 2173 1368 2204 9
1393 2173 1435 2203 52
1460 2182 1523 2213 pro
1548 2172 1626 2206 haec

93 2222 255 2254 diuinaui
281 2231 370 2252 unus
395 2221 534 2261 haecque
560 2221 620 2253 diu
645 2221 747 2253 noui:
783 2221 862 2252 uide
888 2222 994 2252 etiam
1020 2222 1064 2253 ad
1090 2231 1133 2253 111
1159 2222 1224 2254 320
1250 2222 1429 2254 adnotata.
1478 2224 1514 2255 in
1539 2223 1627 2256 libro

96 2273 236 2305 alterius
258 2272 413 2304 familiae
436 2272 574 2314 parenti
591 2282 671 2303 cum
688 2273 913 2304 euanuissent
936 2272 1087 2311 litterae,
1112 2273 1236 2305 Veneti
1259 2273 1387 2306 codicis
1405 2274 1518 2307 scriba
1541 2275 1627 2307 nihil

94 2325 197 2367 plane
217 2324 383 2366 dispicere
402 2324 533 2366 potuit,
547 2324 733 2365 Lipsiensis
753 2324 864 2356 solum
884 2335 988 2362 meus,
1010 2324 1085 2356 aliis
1105 2335 1185 2356 eum
1205 2335 1390 2357 cesarmeus
1402 2326 1516 2358 uisum
1536 2330 1628 2359 esset

93 2376 197 2416 quasi
218 2375 410 2416 cfrarmeus,
433 2378 625 2416 posuerunt
645 2385 721 2406 cum
734 2375 841 2416 fratre
862 2386 996 2413 remus;
1031 2386 1179 2416 quorum
1198 2376 1322 2408 similia
1335 2380 1527 2409 euenerunt
1548 2378 1624 2412 Liu.

93 2435 208 2458 xxxrv
231 2427 272 2458 57
296 2427 327 2463 8,
351 2425 411 2458 ubi
432 2436 475 2457 ex
498 2436 549 2463 eo,
573 2426 667 2467 quod
685 2427 839 2458 seruauit
860 2426 935 2458 cod.
955 2426 1192 2468 Moguntinus,
1216 2438 1254 2459 ex
1269 2428 1420 2469 formula
1441 2431 1566 2460 natum
1588 2440 1627 2462 ez

96 2478 243 2509 eosmula
261 2480 376 2509 totum
395 2477 512 2509 omisit
530 2477 804 2519 Bambergensis,
816 2478 1003 2509 deteriores
1014 2489 1051 2510 ex
1069 2489 1105 2510 eo
1122 2479 1249 2510 simula
1266 2489 1306 2510 ac
1324 2479 1449 2511 deinde
1468 2491 1506 2512 eae
1522 2490 1626 2522 aequo

93 2529 201 2561 simul
218 2527 416 2560 effecerunt.
464 2539 546 2560 nam
566 2529 624 2560 illa
643 2538 718 2560 cum
731 2529 838 2570 fratre
859 2529 985 2561 Remus
1004 2529 1089 2561 hanc
1108 2530 1256 2562 condidit
1268 2529 1380 2562 urbem
1392 2541 1435 2562 ne
1454 2541 1517 2572 pro
1537 2532 1627 2563 ueris

97 2580 294 2612 habeantur
311 2582 347 2611 et
366 2579 477 2611 finalis
495 2582 618 2611 contra
633 2583 757 2621 poetae
776 2590 888 2618 usum,
901 2580 943 2612 de
962 2590 1031 2621 quo
1050 2581 1122 2612 dixi
1142 2581 1187 2612 ad
1204 2590 1218 2613 1
1240 2582 1291 2619 10,
1310 2581 1483 2623 producta
1507 2582 1627 2615 obstat

96 2634 133 2663 et
147 2630 259 2662 multo
272 2630 381 2672 magis
395 2640 556 2672 praesens
570 2631 666 2662 uerbi
677 2634 815 2672 tempus
825 2631 859 2662 in
871 2632 1095 2672 sequentibus
1110 2635 1138 2663 et
1148 2632 1301 2673 propriis
1307 2632 1421 2674 frenat
1430 2633 1628 2674 pendentem

100 2682 236 2714 nutibus
262 2681 380 2718 orbem,
409 2682 469 2722 qui
498 2692 617 2713 uersus
648 2681 818 2723 scaligero
846 2686 928 2714 ante
956 2684 1021 2714 774
1049 2683 1240 2715 reiciendus
1266 2683 1355 2722 fuit3
1384 2694 1496 2726 neque
1523 2684 1629 2717 Libra

94 2737 220 2766 natum
244 2732 435 2765 Romulum
460 2732 597 2764 aliunde
623 2734 826 2774 accepimus.
876 2744 964 2774 quae
989 2737 1107 2766 autem
1132 2738 1165 2766 M
1190 2734 1297 2767 habet
1321 2745 1364 2766 ne
1388 2735 1463 2777 ipsa.
1487 2736 1629 2777 quidem

99 2795 181 2817 uera
204 2794 276 2816 esse
298 2786 455 2825 possunt,
479 2784 515 2815 in
538 2784 664 2825 quibus
686 2787 722 2815 et
745 2795 826 2816 suus
849 2784 990 2817 Manilio
1008 2785 1133 2817 Caesar
1150 2785 1298 2818 absurde
1320 2789 1367 2824 et,
1391 2786 1562 2828 quidquid
1585 2788 1628 2820 de

99 2846 113 2868 1
137 2837 198 2867 847
222 2840 258 2868 et
280 2845 317 2867 1v
341 2835 405 2867 726
428 2836 626 2873 statuimus,
645 2846 803 2877 peruerse
825 2847 891 2877 qua
913 2837 1043 2877 qenitus
1061 2837 1246 2879 Caesarque
1268 2848 1360 2870 meus
1382 2838 1499 2880 potius
1522 2849 1630 2880 quam
