1872 3183
559 163 1043 208 ASTRONOMICON
1076 163 1141 206 IV
1569 166 1623 203 83

249 274 373 316 litora
393 279 436 315 et
455 288 590 329 aequa
610 273 705 323 illis,
726 273 931 328 Cycladas
950 273 1169 328 Delonque
1189 271 1455 327 Rhodonque

249 348 486 404 Aulidaque
505 353 549 390 et
568 347 784 390 Tenedum
803 348 1025 403 uicinaque
1044 346 1209 389 Corsica
1229 347 1349 388 terris

250 422 375 464 litora
394 422 611 464 Sardiniae
630 422 899 477 primumque
918 421 1117 463 intrantis
1136 421 1180 463 in
1199 421 1343 462 orbem

126 504 196 535 640
253 496 408 539 Oceani
427 496 645 538 uictricem
665 496 858 538 Ebusum
878 500 921 536 et
941 495 1156 537 Balearica
1175 508 1285 544 rura,

252 570 460 612 innumeri
479 575 657 625 surgunt
676 569 838 625 scopuli
858 574 1107 624 montesque
1125 583 1199 625 per
1218 568 1365 610 altum.

306 659 383 687 nec
402 649 574 686 tantum
593 659 646 686 ex
666 659 749 685 una
769 649 926 699 pontus
945 644 1026 685 sibi
1045 648 1166 698 parte
1185 642 1354 685 reclusit

253 718 446 760 faucibus
465 718 659 773 abruptis
679 718 824 759 orbem
843 732 852 767 ;
888 732 988 759 nam
1008 717 1132 759 litora
1151 717 1272 772 plura

90 908 260 950 plerique,
281 912 321 940 ut
342 908 529 940 Doruillius
550 908 594 940 ad
615 909 835 941 Charitonem
853 918 885 950 p.
906 909 968 940 371
995 907 1047 939 ed.
1069 908 1088 938 2
1109 918 1170 948 pro
1191 911 1301 938 tamen
1323 906 1509 938 rescribens
1529 909 1627 942 ιαοεο,

91 960 176 992 satis
193 959 391 992 habuerunt
408 961 600 991 accusatiui
619 970 688 1001 quo
707 959 917 991 referrentur
934 960 1099 996 inuenire,
1113 960 1311 990 iuncturam
1329 959 1363 989 in
1381 969 1441 998 que
1459 957 1629 999 particula

91 1011 254 1043 uitiosam
277 1013 372 1052 (nam
396 1022 457 1052 pro
480 1015 584 1052 totque
606 1012 792 1053 requiritur
814 1011 911 1043 uelut
931 1011 1035 1050 mille)
1057 1020 1127 1041 non
1150 1011 1258 1051 magis
1281 1012 1505 1051 respexerunt
1522 1019 1628 1050 quam

90 1072 229 1094 uersum
263 1064 324 1094 641
360 1063 454 1094 nullo
488 1063 627 1094 uinculo
660 1062 893 1104 superioribus
927 1061 1102 1094 adnexum
1192 1062 1255 1093 636
1288 1064 1421 1093 minore
1435 1061 1465 1098 *‚
1491 1064 1629 1093 minora.

89 1113 169 1146 libri
198 1117 340 1156 propter
369 1117 414 1145 tot
502 1118 575 1146 solo
608 1119 653 1151 Μ,
684 1118 759 1146 sola
791 1117 840 1145 GL
876 1113 998 1145 eodem
1030 1113 1121 1144 malo
1157 1113 1264 1145 latius
1296 1115 1454 1154 serpente
1544 1111 1629 1143 ordo

90 1168 145 1197 est
171 1166 328 1206 quamuis
356 1166 483 1197 minore
510 1166 578 1197 solo
606 1166 813 1205 emeryensta,
843 1165 1038 1204 emergentia
1064 1168 1186 1201 tamen,
1208 1163 1319 1205 qualis
1347 1163 1495 1195 habetur
1522 1163 1628 1194 etiam

92 1217 174 1248 Luc.
203 1226 217 1249 1
243 1218 308 1249 378
333 1217 465 1248 inuita
487 1226 647 1257 perayam
680 1220 804 1248 tamen
842 1217 958 1247 omnia
991 1216 1122 1247 decctra
1147 1215 1290 1256 aliisque
1323 1215 1405 1246 locis
1432 1214 1477 1245 ad
1504 1225 1534 1246 u.
1564 1215 1629 1246 413

91 1267 242 1299 adlatis:
276 1267 319 1298 de
341 1267 470 1309 duplici
498 1267 654 1299 ablatiuo
676 1267 755 1298 uide
778 1266 877 1298 Ouid.
898 1269 980 1298 met.
1004 1275 1041 1298 IV
1063 1267 1124 1298 731
1148 1276 1198 1307 sq.
1221 1266 1407 1306 scopulum,
1424 1266 1483 1305 qui
1509 1265 1629 1296 uertice

92 1328 222 1350 summo
243 1316 248 1361 Ι
268 1318 432 1350 stantibus
452 1322 554 1350 exstat
572 1319 679 1359 aquis.
728 1318 842 1349 minus
861 1318 1029 1349 concinna
1046 1318 1202 1349 oratione
1214 1320 1472 1358 componuntur
1485 1317 1628 1353 minora,

90 1373 203 1402 tamen
230 1370 436 1410 emerqentia,
464 1369 716 1411 dubitaturque
744 1373 863 1401 utrum
885 1370 1016 1401 minora
1042 1370 1110 1401 solo
1138 1379 1182 1400 an
1209 1369 1277 1400 solo
1304 1369 1499 1409 emerqentia
1526 1368 1629 1399 litora

90 1420 258 1452 dicantur
346 1421 408 1452 637
441 1430 556 1459 aequa
586 1424 658 1452 illis
670 1421 700 1457 *,
729 1424 890 1458 aequalis
913 1420 1003 1452 libri.
1056 1419 1224 1462 Cycladas
1246 1421 1409 1460 aequales
1434 1420 1502 1450 dici
1529 1429 1630 1460 posse

92 1472 234 1513 neganti
247 1471 413 1503 Doruillio
432 1471 617 1509 adsentior,
639 1471 764 1512 ‘neque
777 1472 868 1503 enim
887 1471 957 1502 ulla
974 1481 1008 1502 re
1026 1475 1108 1502 sunt
1125 1481 1235 1512 pares,
1254 1471 1326 1502 siue
1343 1471 1537 1512 potentiam
1555 1471 1628 1502 siue

90 1522 310 1555 fertilitatem
327 1524 399 1554 siue
417 1524 571 1564 spatium
591 1523 781 1564 respicias'‚
801 1533 889 1564 quae
912 1522 1006 1563 quod
1026 1523 1061 1554 in
1086 1522 1205 1554 orbem
1227 1523 1352 1559 iacent,
1373 1532 1414 1553 ea
1435 1521 1628 1563 aequalitas

91 1584 163 1606 non
178 1576 246 1606 est:
276 1574 420 1611 accedit,
437 1574 531 1615 quod
547 1575 686 1615 grauius
701 1577 765 1611 est,
781 1577 822 1605 ut
838 1575 905 1605 ista
921 1574 1033 1605 oratio
1049 1577 1077 1605 et
1092 1574 1372 1605 coniunctionem
1388 1583 1458 1605 non
1474 1574 1627 1614 recipiat.

93 1626 256 1667 quocirca
272 1625 461 1657 Doruillius
477 1626 678 1666 inaequales,
695 1626 792 1657 cuius
808 1629 844 1656 et
860 1625 904 1656 ad
916 1625 1007 1656 hunc
1023 1628 1059 1656 et
1076 1625 1119 1656 ad
1137 1626 1347 1666 superiorem
1364 1635 1503 1656 uersum
1516 1624 1630 1656 factas

89 1677 306 1709 coniecturas
332 1677 426 1708 furto
453 1677 602 1718 sublegit
628 1677 787 1708 Iacobus.
836 1687 942 1717 aequa
968 1677 1038 1709 illis
1071 1677 1224 1718 quinque
1251 1676 1370 1708 insulis
1399 1676 1497 1708 litora
1522 1679 1628 1718 poeta

92 1728 178 1760 dicit
198 1728 365 1765 Corsicae,
386 1738 475 1769 quae
495 1728 597 1759 Creta
617 1727 832 1768 Euboeaque
853 1729 964 1759 maior
980 1730 1033 1759 est
1050 1729 1086 1758 et
1104 1738 1212 1769 paene
1234 1737 1297 1768 par
1316 1727 1450 1769 Cypro:
1482 1726 1630 1758 fortasse

93 1779 202 1811 etiam
217 1780 358 1811 maioris
374 1779 576 1816 Baliarium,
591 1789 681 1820 quae
693 1780 842 1821 septima
852 1782 917 1816 est,
934 1778 999 1816 uel,
1015 1788 1104 1820 quae
1119 1779 1268 1820 septima
1282 1778 1468 1816 ferebatur,
1484 1778 1585 1810 Lesbi

178 1833 241 1864 638
267 1833 397 1865 Aulida
421 1844 484 1874 pro
506 1833 619 1864 insula
639 1833 841 1864 habuerunt
867 1833 912 1864 ab
938 1833 1067 1864 Huetio
1093 1832 1202 1864 adlati
1227 1832 1365 1865 Seruius
1390 1832 1474 1864 Aen.
1502 1841 1539 1864 IV
1564 1832 1630 1863 426

90 1884 194 1916 Aulis
212 1884 327 1916 insula
345 1887 390 1915 est
408 1885 446 1915 iu
464 1884 592 1923 Aeqaeo
611 1885 698 1916 mari
716 1887 752 1916 et
770 1884 972 1916 scholiastes
991 1884 1080 1916 Stat.
1101 1884 1185 1916 Ach.
1206 1893 1220 1915 1
1238 1885 1313 1922 447,
1328 1884 1454 1925 quibus
1472 1884 1631 1925 Vngerus

91 1935 134 1967 de
156 1936 191 1968 C.
215 1935 337 1976 Valgio
360 1946 393 1976 p.
417 1936 480 1967 387
505 1935 641 1967 addidit
662 1936 736 1967 itin.
761 1935 889 1967 Anton.
913 1935 1000 1977 Aug.
1016 1945 1048 1977 p.
1069 1936 1133 1967 525
1155 1936 1271 1967 insula
1294 1935 1448 1967 Boeotiae
1468 1935 1571 1967 Aulis
1592 1938 1628 1967 et

91 1986 264 2027 mythogr.
290 1986 369 2018 Vat.
395 1995 409 2017 1
431 1987 473 2018 20
562 1990 728 2018 tenedum
751 1990 796 2023 M,
819 1990 986 2018 tenodum
1015 1990 1064 2019 GL
1154 1990 1287 2019 corsica
1309 1986 1383 2021 GU.
1403 1990 1534 2019 corsita
1555 1990 1626 2019 LM,

91 2037 177 2068 ordo
203 2040 257 2068 est
283 2037 420 2068 Corsica
444 2037 542 2069 litora
567 2037 685 2069 uicina
707 2038 803 2069 terris
824 2037 1028 2069 Sardiniae:
1068 2038 1140 2069 sine
1167 2047 1272 2069 causa
1298 2041 1334 2069 et
1361 2037 1450 2069 male
1479 2037 1631 2079 Scaliger

92 2091 207 2126 terrae,
226 2088 402 2120 Bentleius
423 2088 510 2120 tristi
599 2089 662 2119 639
681 2089 832 2129 primum
854 2088 1059 2120 aduerbium
1077 2099 1159 2126 esse,
1175 2092 1215 2120 ut
1235 2098 1263 2120 11
1280 2090 1344 2120 905
1362 2099 1411 2130 sq.
1426 2092 1630 2130 curuataque

87 2140 241 2180 primum
262 2138 267 2182 Ι
287 2139 446 2176 culmina,
481 2139 658 2171 Bentleius
691 2139 871 2171 intellexit.
922 2139 1097 2171 Oceanum
1131 2139 1235 2171 modo
1267 2150 1329 2181 per
1360 2139 1489 2172 fretum
1522 2140 1628 2172 Gadi-

92 2193 217 2222 tanum
246 2191 345 2222 terris
375 2191 569 2222 immissum
597 2191 707 2222 uincit
735 2194 945 2232 superatque
976 2190 1114 2222 Ebusus
1204 2195 1323 2223 orbem
1348 2190 1449 2222 codd.
1477 2190 1565 2223 Flor.
1591 2195 1627 2223 et

90 2241 203 2280 Bodl„
232 2246 314 2274 orbe
343 2245 426 2274 GLM
516 2242 579 2273 640
607 2245 789 2274 uictricem
817 2246 964 2274 ebusum
997 2242 1072 2279 GL2,
1100 2245 1246 2275 uictrice
1274 2246 1396 2274 mebus
1424 2252 1527 2275 usum
1555 2247 1625 2280 LM,

89 2296 216 2326 melius
244 2293 330 2326 fecit
357 2294 406 2325 Μ2
495 2293 557 2324 641
585 2296 761 2325 innumeri
788 2293 862 2330 (213,
885 2297 922 2325 in
949 2303 1133 2325 numerum
1161 2297 1219 2325 ΒΜ
1308 2294 1459 2325 642-657
1487 2304 1626 2326 enume-

89 2347 214 2376 rantur
235 2344 362 2376 Oceani
387 2344 482 2376 sinus
507 2347 644 2385 praeter
669 2345 844 2376 internum
869 2354 962 2376 mare
989 2347 1071 2381 tres,
1094 2344 1237 2385 Caspius
1263 2344 1419 2376 Persicus
1444 2344 1623 2377 Arabicus.

90 2395 155 2428 hos
176 2398 344 2436 quattuor
365 2405 435 2426 una
456 2398 730 2427 commemorant
752 2395 878 2427 Strabo
900 2404 928 2426 11
948 2405 981 2436 p.
1000 2396 1071 2432 121,
1087 2395 1273 2435 Dionysius
1291 2396 1402 2427 43-50
1423 2398 1459 2426 et
1481 2396 1627 2433 628-32‚

90 2446 182 2479 Mela
202 2455 215 2477 1
238 2448 258 2477 5
280 2449 316 2477 et
334 2447 366 2483 9,
389 2446 536 2477 Arabico
554 2447 679 2478 omisso
696 2447 843 2487 scriptor
859 2449 929 2487 περὶ
953 2449 1044 2485 κόσμ.
1070 2456 1126 2487 pp.
1147 2447 1226 2478 393a
1257 2447 1402 2478 16439312
1431 2447 1474 2484 73
1503 2447 1625 2479 eodem

91 2508 161 2539 quo
173 2497 334 2529 Manilius
347 2497 466 2529 ordine
479 2498 571 2529 solus
587 2498 774 2538 Dionysius
790 2497 893 2539 idque
909 2501 1048 2529 tantum
1064 2498 1100 2529 in
1115 2498 1225 2538 priore
1237 2497 1311 2529 loco
1399 2498 1463 2529 642
1478 2502 1626 2531 reclusit

90 2550 218 2591 Fayus,
239 2550 395 2581 reclusus
415 2548 493 2580 libri
581 2550 644 2580 643
662 2553 822 2587 abruptis
838 2548 911 2580 cod.
929 2549 1000 2580 Pal.
1017 2551 1053 2580 et
1073 2549 1352 2586 Boniucontrius,
1365 2553 1522 2588 abreptis
1539 2554 1623 2583 GLM

89 2601 167 2633 cod.
187 2600 340 2632 Venetus
356 2600 428 2631 sine
445 2610 557 2637 sensu,
574 2611 656 2632 nam
680 2611 793 2642 neque
811 2602 909 2632 terris
927 2603 1007 2631 ante
1028 2601 1131 2632 maris
1147 2601 1323 2632 incursum
1338 2600 1455 2632 fauces
1470 2601 1625 2640 fuerunt,

90 2661 203 2694 neque
231 2652 318 2682 mari
345 2661 450 2682 causa
476 2661 541 2682 cur
567 2661 635 2688 eas,
664 2651 693 2682 si
721 2651 810 2683 ullae
838 2651 998 2688 fuissent,
1027 2651 1131 2682 uellet
1158 2651 1325 2692 abripere,
1343 2661 1454 2692 neque
1482 2653 1624 2684 omnino

90 2703 204 2744 abripi
233 2704 379 2744 possunt
407 2701 534 2733 fauces.
581 2701 744 2743 abruptis,
775 2701 1012 2743 abrumpendo
1042 2702 1155 2739 factis,
1185 2701 1360 2743 quomodo
1389 2702 1516 2734 dicitur
1544 2703 1623 2736 Sen.

89 2764 161 2795 n.q.
181 2762 224 2785 111
243 2753 283 2784 16
301 2754 321 2783 4
338 2752 471 2793 abrupti
488 2753 526 2783 in
542 2752 723 2793 infinitum
734 2752 856 2789 hialim,
875 2753 998 2785 Catuli.
1013 2754 1055 2784 68
1076 2754 1137 2785 108
1154 2752 1331 2793 abruptum
1348 2777 1355 2784 .
1373 2777 1380 2784 .
1397 2777 1404 2784 .
1421 2752 1624 2794 barathrum,

91 2806 173 2837 Luc.
195 2813 248 2836 vn
270 2805 332 2836 174
352 2803 502 2844 abruptis
519 2827 525 2834 .
543 2828 550 2834 .
568 2828 574 2835 .
591 2803 811 2842 conuallibus,
826 2804 902 2837 Sen.
920 2804 1048 2836 Phoen.
1071 2806 1113 2836 70
1133 2804 1185 2836 hic
1205 2805 1310 2835 scissa
1328 2805 1424 2836 tellus
1437 2804 1627 2846 faucibus

97 2856 224 2897 ruptis
240 2855 311 2887 hiat
326 2867 333 2887 :
362 2854 462 2896 longe
479 2855 578 2886 aliter
596 2855 695 2887 Ouid.
715 2865 820 2887 amor.
840 2864 867 2887 11
887 2857 900 2887 l
921 2857 962 2887 25
976 2856 1149 2887 dissiliunt
1163 2855 1313 2896 abruptis
1323 2855 1482 2896 faucibus
1498 2867 1625 2898 unques·
