1872 3183
175 141 200 179 2
765 135 826 177 Μ.
860 135 1113 177 MANILII

337 264 414 292 nec
434 249 549 305 quod
568 248 698 290 habet
717 252 926 297 numerat,
948 252 1121 289 tantum
1140 247 1256 302 quod
1275 261 1360 288 non
1378 246 1510 288 habet
1529 250 1669 302 optat,

335 338 517 379 cumque
537 324 617 365 sibi
636 337 791 378 paruos
811 336 912 363 usus
932 326 1086 363 natura
1106 326 1300 377 reposcat

338 398 560 440 materiam
580 397 782 439 struimus
803 410 982 451 magnae
1000 410 1074 451 per
1094 401 1196 438 uota
1216 396 1360 437 ruinae

240 481 281 513 10
338 473 632 527 luxuriamque
652 471 776 513 lucris
795 470 975 512 emimus
993 470 1182 525 luxuque
1201 470 1382 525 rapinas,

178 596 367 634 utrumque
389 592 482 624 enim
504 592 675 623 rationem
698 591 806 623 habet
827 594 986 633 apertam
1008 594 1044 623 et
1065 592 1116 623 ita
1137 594 1264 623 natura
1285 593 1529 632 comparatum
1550 592 1614 628 est,
1637 599 1730 631 quae

179 645 354 676 sententia
376 643 530 685 undique
554 642 775 680 decantatur,
800 642 898 674 uelut
921 642 1020 674 Publ.
1047 642 1121 684 Syr.
1146 643 1211 674 286
1234 643 1265 674 is
1288 643 1469 674 minimum
1492 644 1557 682 eqet
1579 641 1731 673 mortalis

179 698 239 737 qui
255 698 437 729 minimum
453 697 557 737 cupit,
576 695 652 729 Seu.
671 706 724 737 ep.
744 696 764 726 2
782 696 802 727 6
819 706 887 727 non
901 695 962 736 qui
975 705 1100 736 parum
1116 694 1219 732 habet,
1238 694 1293 726 sed
1309 694 1367 734 qui
1380 693 1462 734 plus
1477 693 1581 734 cupit,
1596 702 1733 734 pauper

175 751 233 787 est,
261 749 304 781 90
330 750 374 781 38
406 749 557 780 auaritia
586 749 818 788 paupertatem
849 746 964 778 intulit
991 749 1019 778 et
1045 746 1151 778 multa
1179 745 1441 786 concupiscendo
1463 745 1579 776 omnia
1601 745 1728 782 amisit,

177 801 305 843 Appul.
326 800 416 843 apol.
437 801 479 832 20
498 800 529 832 is
544 799 734 841 plurimum
752 799 880 831 habebit
896 799 956 840 qui
973 799 1155 830 minimum
1172 796 1381 834 desiderabit,
1400 796 1497 829 Cens.
1517 795 1560 828 de
1579 796 1634 828 die
1652 799 1725 828 nat.

182 854 197 884 l
220 855 241 884 4
260 853 421 893 quoniam
439 852 579 892 quisque
597 862 665 883 non
683 854 807 892 quanto
824 851 927 892 plura
943 850 1102 892 possidet,
1121 849 1178 881 sed
1195 852 1318 890 quanto
1335 849 1500 890 pauciora
1518 850 1620 889 optat,
1640 850 1732 879 tanto

180 907 226 935 ast
243 903 447 945 locupletior,
466 902 587 935 Claud.
607 903 644 934 in
661 902 743 934 Rus.
764 911 778 934 1
796 903 860 934 200
878 912 1006 943 semper
1023 902 1124 942 inops
1140 901 1338 941 quicumque
1354 900 1458 941 cupit,
1476 899 1607 931 Auson.
1627 900 1692 932 309
1710 900 1730 932 3

178 955 288 996 (Peip.
307 966 340 997 p.
358 955 438 995 406)
452 955 530 995 quis
545 954 640 986 diues
655 955 670 985 ,⁹
694 954 753 994 qui
775 954 827 985 nil
848 954 969 994 cupiet.
1019 953 1095 994 quis
1107 962 1240 993 pauper
1255 953 1270 983 ,⁹
1285 961 1422 983 auarus
1470 951 1590 992 itaque
1616 960 1731 982 recen-

177 1008 286 1039 tiores
297 1007 427 1038 Iacobo
440 1006 528 1037 duce
540 1006 692 1048 abrupta
703 1007 1017 1048 interrogationum
1028 1005 1124 1042 serie,
1139 1014 1246 1045 quam
1258 1003 1302 1034 ad
1314 1014 1346 1034 u.
1362 1004 1399 1034 11
1414 1013 1523 1044 usque
1535 1003 1732 1034 continuari

181 1061 339 1100 apparet,
352 1069 416 1100 par
428 1068 591 1089 uersuum
604 1059 623 1089 6
635 1068 685 1099 sq.
700 1068 779 1089 cum
791 1058 920 1098 eisque,
933 1056 1027 1098 quod
1039 1056 1293 1087 consectarium
1304 1058 1368 1091 est,
1382 1054 1466 1086 8—11
1480 1064 1543 1096 pro
1554 1053 1733 1096 praedica-

179 1110 335 1142 tionibus
356 1110 466 1151 accipi
491 1109 624 1141 iubent.
673 1108 768 1150 quod
793 1119 873 1140 cum
898 1109 971 1140 fieri
999 1118 1069 1139 non
1105 1110 1285 1148 pateretur
1306 1106 1430 1143 oratio,
1458 1105 1624 1137 Barthius
1650 1105 1732 1137 adu.

182 1172 216 1203 p.
235 1162 301 1193 914
317 1171 437 1193 uersus
454 1162 474 1192 6
490 1164 527 1193 et
543 1162 561 1192 7
580 1160 721 1198 deleuit,
740 1161 918 1192 Bentleius
934 1170 1027 1191 noua
1043 1169 1105 1190 nec
1122 1159 1190 1190 leni
1206 1158 1402 1189 mutatione
1419 1157 1579 1189 adhibita
1594 1157 1734 1199 scripsit

178 1223 252 1254 quo
284 1213 388 1254 plura
419 1213 584 1253 pararit.
636 1213 709 1254 ipse
748 1222 855 1243 unam
893 1212 1048 1244 litteram
1089 1210 1208 1241 adieci.
1257 1209 1353 1241 bonis
1391 1208 1568 1240 ablatiuus
1602 1208 1733 1240 causali

183 1264 435 1306 significatione
460 1265 614 1305 ponitur,
640 1267 681 1295 ut
705 1263 808 1295 huius
830 1263 1015 1304 pauperior
1039 1262 1134 1294 bonis
1158 1261 1284 1293 similia
1307 1261 1378 1292 sint
1401 1260 1486 1291 Hor.
1513 1270 1618 1291 carm.
1644 1269 1688 1291 ΠΙ
1713 1261 1733 1292 5

180 1317 224 1349 39
248 1326 298 1357 sq.
326 1315 490 1356 Oarthaqo
512 1315 682 1356 probrosis
703 1313 709 1358 Ι
728 1315 828 1346 altior
854 1315 977 1347 Italiae
1000 1311 1124 1351 ruinis,
1150 1313 1207 1345 Sil.
1234 1321 1278 1344 ΠΙ
1301 1312 1366 1343 585
1390 1311 1533 1344 nobilior
1556 1312 1600 1343 sit
1626 1311 1734 1343 Roma

181 1368 293 1406 malis,
312 1367 405 1399 Man.
426 1376 440 1398 1
458 1368 523 1399 779
542 1377 592 1408 sq.
614 1365 778 1398 Scaeuola
795 1370 910 1398 trunco
929 1368 989 1406 (an
1006 1366 1098 1407 parti
1116 1364 1249 1403 trunca)
1272 1362 1276 1407 1
1296 1363 1462 1400 nobilior3
1494 1363 1622 1404 quibus
1641 1362 1732 1394 addo

180 1428 203 1450 v
223 1420 290 1451 404
306 1429 356 1460 sq.
377 1417 531 1450 censibus
547 1421 734 1459 aequantur
750 1418 901 1455 conchae,
921 1417 1138 1458 lapidumque
1150 1416 1256 1448 nitore
1271 1414 1508 1456 (rapidumque
1520 1415 1629 1446 notori
1642 1413 1733 1452 libri,

180 1470 337 1511 lapidum
355 1469 527 1512 Scaligero
545 1473 735 1512 praeeunte
753 1469 941 1502 Salmasius
952 1468 1012 1501 sed
1029 1468 1121 1500 idem
1133 1468 1205 1499 sine
1217 1477 1319 1498 sensu
1330 1466 1453 1504 nitori3
1483 1465 1599 1498 fuerat
1610 1466 1735 1507 opinor

183 1522 306 1562 nitoro)
328 1520 334 1564 Ι
353 1522 414 1554 uix
433 1521 612 1562 quisquam
633 1524 678 1552 est
698 1521 854 1562 locuples,
875 1521 911 1552 id
931 1524 985 1552 est
1004 1519 1137 1561 lapides
1160 1518 1274 1555 nitidi,
1295 1518 1464 1549 immenso
1484 1517 1597 1558 pretio
1618 1517 1735 1558 parati

179 1573 274 1615 (uide
295 1573 382 1605 Plin.
400 1573 471 1605 n.h.
492 1582 547 1605 ΧΠ
564 1573 616 1608 84,
636 1573 716 1604 Tac.
733 1583 812 1604 ann.
836 1581 879 1603 ΠΙ
896 1573 937 1604 53
957 1571 1042 1611 fin.),
1063 1570 1218 1602 efficiunt
1236 1572 1276 1601 ut
1293 1570 1355 1600 uix
1373 1569 1561 1609 quisquam
1578 1568 1731 1608 locuples
1791 1599 1794 1601 Α

185 1626 241 1657 sit.
291 1624 383 1656 bona
405 1635 468 1656 sua
490 1634 663 1665 quemque
685 1624 927 1665 pauperiorem
949 1633 988 1654 ac
1010 1633 1081 1654 non
1101 1622 1263 1653 ditiorem
1285 1619 1461 1657 reddunt;
1496 1618 1591 1660 quod
1612 1629 1734 1661 quam.

183 1686 290 1717 quam
313 1676 446 1707 ratione
470 1678 576 1713 caret,
600 1674 708 1706 habet
733 1678 853 1706 tamen
875 1684 1016 1706 causam
1038 1676 1075 1705 et
1096 1673 1209 1714 ipsam
1231 1671 1471 1712 peruersitatis
1492 1670 1633 1711 plenam
1654 1671 1735 1710 quia

181 1727 286 1769 plura
304 1727 443 1768 requirit
461 1737 519 1758 nec
537 1726 624 1767 quod
643 1725 736 1757 habet
755 1729 907 1757 numerat
926 1726 982 1757 sed
1000 1725 1036 1756 id
1054 1727 1185 1755 tantum
1203 1726 1294 1764 optat
1311 1722 1398 1763 quod
1416 1732 1485 1760 non
1503 1721 1606 1753 habet.
1655 1721 1732 1754 Sen.

183 1790 236 1821 ep.
257 1780 321 1811 119
337 1779 357 1811 6
373 1779 433 1819 qui
447 1778 591 1810 multum
613 1777 718 1815 habet,
732 1777 813 1819 plus
836 1777 940 1817 cupit,
966 1777 986 1807 9
1008 1775 1176 1807 neminem
1190 1774 1337 1815 pecunia
1360 1773 1497 1805 diuitem
1518 1772 1616 1814 facit,
1632 1772 1736 1804 immo

183 1833 299 1862 contra
314 1830 404 1862 nulli
420 1841 488 1862 non
504 1830 664 1861 maiorem
681 1830 737 1861 sui
752 1829 947 1869 cupid-inem
963 1827 1118 1864 incussit,
1135 1826 1177 1858 de
1196 1825 1272 1857 ben.
1291 1834 1320 1856 11
1336 1825 1376 1857 27
1395 1825 1415 1857 3
1432 1824 1563 1856 maiora
1577 1824 1742 1864 cupimus

183 1893 247 1924 quo
262 1883 394 1914 maiora
408 1884 582 1919 uenerunt,
599 1881 676 1913 qu.
696 1890 760 1912 XIV
781 1881 843 1913 139
860 1890 910 1921 sq.
930 1879 1044 1911 crescit
1061 1888 1155 1909 amor
1171 1877 1304 1909 nummi
1318 1878 1482 1917 quantum
1497 1876 1576 1916 ipsa
1587 1876 1735 1916 pecunia

184 1934 288 1966 creuit
310 1933 315 1977 Ι
335 1936 363 1965 et
385 1934 500 1965 minus
525 1933 610 1965 hanc
635 1935 727 1973 optat
747 1933 807 1973 qui
828 1942 896 1963 non
921 1930 1025 1968 habet,
1049 1930 1134 1962 Gell.
1158 1938 1197 1960 IX
1220 1930 1239 1960 8
1264 1930 1279 1960 l
1304 1928 1420 1959 multis
1441 1937 1528 1968 eqere
1549 1927 1608 1968 qui
1629 1926 1736 1959 multa

185 1985 312 2024 habeat,
332 1995 553 2026 magnamque
570 1984 793 2025 indiqentiam
811 1983 907 2015 nasci
926 1993 994 2014 non
1013 1991 1051 2014 ex
1069 1981 1190 2022 inopia
1208 1989 1332 2020 mayna
1349 1979 1406 2011 sed
1425 1988 1462 2011 ex
1481 1988 1604 2019 mayna
1625 1978 1736 2019 copia,

186 2039 206 2070 3
221 2037 337 2069 minus
351 2037 539 2069 habendum
554 2046 621 2068 esse
636 2038 672 2067 ut
686 2036 801 2067 minus
815 2034 909 2070 desit,
925 2033 1010 2065 Hor.
1026 2043 1131 2064 carm.
1149 2041 1192 2064 111
1209 2031 1249 2063 16
1267 2032 1305 2062 17
1321 2039 1372 2072 sq.
1384 2033 1578 2062 crescentem
1588 2030 1737 2070 sequitur

185 2099 268 2120 cura
281 2089 465 2130 pecuniam
485 2087 491 2131 Ι
511 2088 741 2128 maiorumque
752 2086 873 2127 fameS,
892 2084 996 2117 Prud.
1015 2084 1165 2116 hamart.
1184 2083 1249 2114 256
1266 2083 1344 2114 auri
1360 2092 1504 2122 namque
1513 2081 1625 2123 fames
1638 2084 1737 2122 parto

179 2141 222 2182 fit
238 2140 347 2172 maior
362 2139 403 2171 ab
421 2151 504 2171 auro
595 2140 613 2169 8
631 2141 698 2170 sibi
713 2138 903 2174 Bentleius,
921 2139 977 2168 sui
992 2136 1071 2168 libri
1087 2139 1128 2168 ut
1145 2144 1174 2167 11
1193 2136 1267 2173 123,
1285 2134 1380 2176 quod
1396 2143 1504 2175 quam
1521 2133 1673 2165 alienum
1690 2133 1737 2164 sit

188 2192 410 2234 intellegetur
442 2202 486 2223 ex
507 2191 583 2223 Sen.
605 2201 659 2232 ep.
674 2191 717 2222 94
740 2190 780 2221 18
799 2192 946 2221 natura
971 2188 1061 2220 enim
1084 2187 1250 2224 uidemus,
1262 2186 1319 2218 cui
1338 2196 1452 2217 usum
1468 2185 1533 2216 sui
1552 2185 1659 2217 reddit
1677 2185 1737 2225 qui

184 2247 328 2276 remouet
339 2243 514 2275 obstantia.
563 2242 628 2274 hoc
646 2242 721 2274 loco
740 2250 855 2273 rerum
866 2250 949 2272 usus
961 2239 1140 2277 dicuntur,
1151 2248 1239 2280 quos
1249 2237 1422 2269 desideret
1431 2239 1559 2268 natura
1568 2236 1735 2273 humana,

186 2298 227 2327 ut
249 2304 293 2327 111
318 2296 425 2327 123-5
448 2295 488 2326 in
510 2297 601 2326 sexta
624 2294 719 2327 diues
741 2295 937 2324 numeratur
958 2291 1057 2332 copia
1079 2290 1152 2322 sede
1174 2288 1178 2333 Ι
1198 2293 1293 2330 atque
1315 2289 1477 2321 adiuncta
1497 2287 1591 2319 salus
1612 2297 1734 2331 rerum,

185 2357 329 2387 quarum
354 2346 458 2378 altera
483 2345 625 2386 quanti
646 2344 651 2388 1
671 2344 864 2385 continyant
889 2353 987 2375 usus
1012 2345 1131 2380 monet,
1157 2341 1262 2373 altera
1285 2351 1387 2382 quam
1412 2339 1578 2377 diuturni,
1606 2347 1644 2369 l’v
1673 2338 1735 2370 165

185 2401 283 2430 tenax
306 2398 416 2430 animi
437 2397 610 2438 nullosque
632 2397 759 2439 effusus
779 2396 818 2428 in
838 2405 932 2432 usus,
955 2394 1040 2426 Hor.
1063 2395 1163 2435 epist.
1187 2402 1201 2424 1
1224 2393 1264 2424 12
1286 2394 1306 2423 4
1325 2401 1458 2432 pauper
1478 2390 1568 2422 enim
1588 2400 1657 2422 non
1679 2392 1736 2427 est,

186 2450 242 2481 cui
266 2459 377 2481 rerum
399 2449 546 2490 suppetit
569 2458 662 2480 usus.
710 2458 781 2479 non
804 2446 956 2478 multum
978 2445 1086 2477 habet
1110 2443 1346 2476 similitudinis
1369 2442 1606 2474 Horatianum
1628 2451 1736 2473 carm.

187 2509 217 2532 11
239 2502 276 2532 ll
299 2503 320 2532 4
339 2511 390 2542 sq.
412 2510 471 2532 nec
490 2500 634 2541 trepides
652 2499 691 2531 in
710 2509 811 2531 usum
832 2497 837 2541 1
856 2497 1023 2539 poscentis
1042 2497 1120 2528 aeui
1137 2505 1261 2537 pauca,
1281 2505 1362 2527 cum
1380 2495 1421 2532 is,
1442 2504 1547 2536 quem
1567 2493 1739 2525 Horatius

185 2551 282 2589 dicit,
322 2562 404 2584 usus
420 2541 511 2583 ffion
546 2554 750 2592 reposcatur
784 2560 906 2582 uerum
944 2551 1115 2590 reposcat,
1151 2547 1249 2579 uelut
1281 2546 1380 2578 Lucr.
1409 2555 1449 2577 VI
1476 2546 1498 2577 9
1527 2545 1572 2577 ad
1608 2544 1735 2576 uictum

187 2613 271 2644 quae
295 2603 429 2645 flaqitat
457 2613 552 2640 usus,
586 2602 661 2634 Liu.
692 2611 784 2633 XXVI
814 2603 856 2634 43
888 2602 907 2633 7
938 2610 1022 2642 quae
1056 2599 1133 2631 belli
1172 2609 1255 2630 usus
1291 2600 1433 2639 poscunt
1471 2595 1739 2638 suppeditentur.

190 2654 327 2686 Bentlei
352 2653 590 2686 emendationi
615 2653 803 2685 subscribit
830 2652 1010 2684 Lucretius
1037 2660 1066 2682 11
1094 2652 1133 2682 17
1160 2660 1211 2691 sq.
1239 2649 1291 2681 nil
1314 2649 1411 2681 aliud
1446 2647 1526 2680 sibi
1551 2649 1737 2679 naturam

190 2705 349 2743 latrare,
375 2705 446 2737 nisi
469 2705 566 2746 utqui
587 2703 592 2747 Ι
611 2714 744 2745 corpore
769 2704 939 2736 seiunctus
963 2702 1054 2735 dolor
1078 2701 1163 2733 absit
1191 2704 1257 2733 etc.
1349 2700 1370 2731 9
1393 2700 1554 2732 fortunas
1573 2699 1610 2729 in
1623 2698 1735 2730 altum

188 2757 382 2788 extruimus
402 2766 491 2797 quae
510 2767 554 2788 ex
573 2756 645 2787 alto
666 2758 780 2787 ruant.
826 2765 887 2796 per
906 2758 996 2792 uota,
1019 2755 1080 2786 127
1101 2752 1272 2785 crescendo
1290 2751 1381 2784 cadet
1401 2754 1429 2783 et
1447 2750 1536 2782 uotis
1554 2749 1593 2781 in
1611 2749 1739 2782 damna

182 2806 321 2849 feretur,
343 2807 419 2840 sen.
441 2807 521 2839 dial.
542 2816 582 2838 XI
601 2808 622 2838 4
641 2808 660 2838 2
680 2807 772 2838 alius
790 2806 944 2843 diuitias,
963 2815 1047 2846 quas
1065 2807 1249 2845 optauerat,
1269 2803 1385 2835 metuit
1403 2805 1432 2834 et
1449 2804 1525 2833 uoto
1538 2800 1664 2832 laborat
1675 2811 1738 2832 suo

279 2857 406 2889 10-313
431 2859 466 2889 in
491 2861 540 2890 GL
565 2861 690 2889 extant
717 2860 798 2889 ante
824 2860 871 2889 111
891 2856 967 2894 400,
985 2856 1046 2888 ubi
1071 2855 1150 2887 uide
1176 2854 1347 2887 adnotata
1438 2852 1479 2883 10
1495 2852 1578 2884 luxu
1594 2851 1743 2892 rapinas
