1872 3183
623 141 1109 185 ASTRONOMICON
1140 141 1207 183 IV
1632 146 1688 183 45

316 251 586 305 diuersasque
605 249 748 291 ferunt
765 249 935 305 proprio
954 249 1032 290 sub
1052 249 1220 290 nomine
1239 248 1361 304 leges.

190 333 259 364 380
316 339 391 367 nec
412 330 583 366 tantum
602 323 720 365 lanas
739 324 857 365 Aries
876 338 951 365 nec
972 324 1134 365 Taurus
1153 328 1294 364 aratra

314 413 391 440 nec
411 398 575 441 Gemini
595 412 736 439 musas
755 412 831 440 nec
851 412 1008 439 merces
1027 397 1183 439 Cancer
1203 397 1379 446 amabit,

316 487 391 514 nec
412 473 496 513 Leo
515 477 693 513 uenator
712 472 855 513 ueniet
874 486 949 513 nec
969 471 1096 526 Virgo
1115 471 1329 526 magistra,

315 546 519 588 mensuris
539 551 615 587 aut
635 546 761 587 Libra
780 551 931 601 potens
951 550 1027 587 aut
1047 545 1241 601 Scorpius
1261 545 1388 586 armis

317 621 636 675 Centaurusque
656 620 766 669 feris,
787 620 872 675 igni
892 619 1168 675 Capricornus
1188 625 1231 660 et
1250 619 1373 660 undis

191 702 259 733 385
314 695 402 750 ipse
423 695 508 736 suis
529 694 703 736 quenis
722 694 960 749 geminique
978 708 1052 748 per
1072 708 1255 748 aequora
1274 693 1412 735 Pisces
1431 707 1441 743 ;

315 769 450 810 mixta
471 768 543 810 sed
562 768 607 809 in
624 767 756 823 pluris
777 767 989 810 sociantur
1009 767 1144 809 sidera
1164 768 1285 809 uireS.

370 842 379 859 ‘
396 842 579 883 multum
597 842 607 859 ⁹
629 842 769 897 inquis
792 842 801 858 ‘
818 847 1073 897 tenuemque
1093 842 1210 883 iubes
1230 856 1297 883 me
1316 841 1422 883 ferre
1441 841 1642 887 laborem,

313 931 454 958 rursus
474 921 517 958 et
537 917 581 957 in
600 931 753 971 magna
773 916 925 971 mergis
944 915 1120 971 caligine
1139 921 1338 965 mentem,

313 1005 479 1032 cernere
498 1005 596 1033 cum
616 990 728 1032 facili
747 990 882 1032 lucem
903 990 1065 1031 ratione
1085 990 1275 1032 uiderer.’

188 1073 255 1104 390
312 1065 427 1120 quod
447 1065 626 1120 quaeris,
648 1065 751 1106 deus
771 1070 835 1106 est
854 1080 862 1106 :
897 1065 1061 1106 conaris
1081 1064 1279 1106 scandere
1298 1063 1461 1106 caelum

311 1139 486 1194 fataque
506 1139 628 1180 fatali
647 1139 813 1194 genitus
832 1153 1079 1194 cognoscere
1098 1139 1186 1193 lege

312 1218 355 1255 et
374 1213 553 1255 transire
572 1219 696 1254 tuum
715 1218 864 1268 pectus
884 1213 1127 1268 mundoque
1146 1212 1286 1268 potiri.

311 1302 388 1343 pro
407 1288 544 1343 pretio
563 1287 682 1329 labor
701 1292 765 1329 est
784 1302 860 1329 nec
879 1292 980 1329 sunt
999 1287 1188 1329 inmunia
1207 1292 1344 1336 tanta,

311 1376 363 1403 ne
385 1362 531 1403 mirere
552 1362 646 1403 uiae
665 1362 798 1403 flexus
817 1376 1041 1416 rerumque
1060 1366 1244 1403 catenas.

190 1444 258 1475 395
314 1436 485 1477 admitti
505 1436 693 1491 potuisse
712 1441 779 1477 sat
799 1441 863 1477 est
882 1451 890 1477 ;
927 1436 1012 1477 sint
1030 1440 1168 1477 cetera
1188 1440 1345 1476 nostra.

145 1565 229 1597 ordo
248 1568 301 1597 est
318 1566 451 1598 condita
468 1566 506 1597 iri
521 1566 636 1605 plures
652 1569 774 1605 parm,
794 1565 1090 1607 quemadmodum
1109 1565 1210 1596 tellus
1228 1565 1360 1597 condita
1378 1565 1414 1596 in
1433 1564 1539 1596 orbem
1558 1564 1687 1596 dicitur

146 1625 158 1647 1
176 1617 241 1648 204
255 1629 263 1654 3
295 1617 404 1658 magis
421 1617 550 1648 usitate
567 1626 604 1648 IV
622 1618 686 1648 299
704 1627 753 1658 sq.
770 1616 924 1656 partibus
942 1620 1032 1647 astra
1053 1615 1056 1659 Ι
1076 1616 1209 1648 condita
1224 1616 1368 1647 tricenis.
1417 1619 1512 1647 astra
1528 1615 1686 1657 pluribus

146 1668 305 1709 partibus
331 1668 473 1700 condita
499 1668 624 1700 deinde
650 1679 710 1710 per
736 1678 794 1699 eas
819 1671 937 1709 partes
963 1669 1155 1709 iunguntur
1181 1677 1220 1699 ac
1247 1668 1424 1700 sociantur
1514 1667 1576 1698 379
1603 1667 1686 1707 loyes

140 1719 229 1760 serre
247 1719 331 1761 quid
350 1722 441 1751 esset
459 1730 520 1751 nec
541 1720 656 1761 Fayus
675 1729 737 1751 nec
757 1719 945 1761 Pingraeus
963 1719 1146 1756 intellexit,
1165 1718 1201 1750 id
1219 1719 1383 1750 nimirum
1403 1718 1496 1760 quod
1516 1718 1686 1749 Firmicus

144 1771 311 1802 decernere
337 1770 433 1808 dicit,
460 1771 538 1803 dare
565 1771 647 1811 leqes
673 1770 834 1802 Manilius
867 1779 896 1801 11
924 1771 997 1807 126,
1026 1780 1108 1810 quas
1133 1770 1213 1801 dant
1240 1769 1322 1810 Zeqes
1346 1769 1558 1801 nascentibus
1582 1772 1684 1801 astra.

145 1832 186 1853 eo
204 1823 357 1863 pertinet
376 1821 436 1853 sub
454 1822 600 1859 nomine,
620 1822 675 1853 lex
694 1823 786 1853 enim
806 1832 826 1852 a
844 1821 954 1853 latore
973 1832 1100 1853 nomen
1126 1821 1319 1862 accipiebat:
1409 1821 1559 1852 380-385
1579 1821 1684 1862 respi-

145 1874 244 1905 ciunt
261 1873 305 1904 ad
322 1883 363 1904 ea
379 1883 468 1914 quae
486 1873 642 1905 uersibus
661 1874 810 1905 124-291
830 1873 962 1904 tradita
978 1875 1060 1904 sunt
1151 1873 1214 1904 380
1229 1877 1352 1905 aratra
1367 1876 1437 1909 ΕΜ,
1450 1876 1555 1905 arata
1572 1876 1597 1904 G

191 1924 252 1955 381
274 1926 409 1956 amabit
429 1923 503 1955 eod.
526 1923 630 1961 Flora,
651 1927 786 1956 amauit
806 1927 890 1956 GLM
981 1924 1044 1954 382
1063 1923 1184 1961 ueniet,
1204 1924 1281 1961 erit,
1302 1926 1343 1955 ut
1362 1924 1426 1954 457
1517 1923 1581 1954 384
1600 1926 1685 1956 feris

145 1978 222 2012 igni
234 1975 283 2012 ΒΖ,
295 1978 362 2007 feri
378 1978 471 2013 signi
482 1979 541 2012 GL,
560 1978 630 2008 seri
644 1978 736 2013 signi
749 1979 783 2006 M
873 1975 935 2006 885
949 1978 1023 2006 suis
1038 1974 1137 2006 codd.
1158 1974 1246 2006 Flcr.
1266 1978 1302 2006 et
1320 1974 1432 2012 Bodl.,
1444 1977 1499 2007 tui
1512 1978 1595 2007 GLM
1605 1974 1681 2006 cod.

146 2026 299 2057 Venetus
392 2025 546 2063 quenis,
578 2026 763 2067 Aquarius,
794 2028 836 2057 ut
866 2026 930 2058 709
961 2029 997 2057 et
1027 2027 1090 2057 797
1182 2026 1244 2057 387
1275 2030 1427 2058 multum
1458 2025 1558 2057 codd.
1591 2026 1681 2057 Flor.

144 2080 182 2108 et
204 2077 315 2115 Bodl.,
334 2080 475 2109 uultum
496 2076 560 2108 GL²
580 2077 655 2108 cod.
679 2076 843 2114 Venetus,
866 2080 972 2108 uultu
993 2081 1051 2108 ΒΜ
1141 2080 1270 2108 tenuem
1295 2079 1336 2108 ut
1357 2077 1422 2108 866
1443 2076 1536 2108 tenui
1556 2077 1684 2108 ratione

234 2128 307 2166 388,
328 2131 409 2169 post
429 2128 491 2159 396
511 2128 665 2169 positum
685 2128 721 2159 in
740 2127 847 2165 libris,
869 2130 950 2159 ante
971 2128 1034 2159 389
1054 2128 1191 2159 traiecit
1216 2127 1405 2165 Bentleius,
1426 2130 1508 2159 ante
1534 2128 1597 2159 390
1612 2128 1683 2160 iam

145 2179 296 2211 Huetius
322 2180 506 2211 traiecerat
596 2179 660 2210 390
685 2178 764 2210 uide
790 2188 803 2210 1
830 2180 871 2211 50
897 2179 1014 2220 ibique
1044 2178 1216 2210 adnotata
1306 2178 1368 2210 392
1392 2179 1535 2210 transire
1556 2183 1683 2219 pectus,

145 2231 249 2262 finem
264 2231 424 2272 pectoris,
439 2231 531 2262 exire
544 2233 644 2262 extra
656 2233 790 2272 pectus,
805 2233 846 2262 ut
859 2239 887 2261 11
900 2231 964 2262 317
978 2230 1133 2262 transibit
1144 2239 1303 2261 numerus
1310 2229 1458 2271 formam
1548 2231 1610 2262 393
1619 2241 1683 2271 pro

141 2283 249 2322 pretio
278 2282 369 2314 labor
397 2285 453 2320 est,
483 2292 590 2323 quam
619 2291 785 2323 magnum
817 2282 980 2323 pretium,
1010 2284 1084 2313 tam
1118 2291 1264 2323 magnus
1291 2281 1413 2319 lab0r;
1454 2291 1537 2313 nam
1566 2282 1683 2324 Fayus

144 2334 285 2371 errauit,
308 2343 420 2375 neque
442 2333 575 2371 eadem,
598 2335 640 2365 ut
661 2333 811 2375 Scaliger
832 2332 985 2370 uolebat,
1008 2332 1142 2364 Aetnae
1164 2343 1328 2364 uersuum
1350 2333 1415 2364 222
1437 2343 1487 2374 sq.
1507 2335 1683 2365 sententia

142 2388 207 2422 est,
223 2384 282 2416 sed
296 2385 481 2422 contraria,
496 2385 670 2416 inmensus
684 2383 774 2415 labor
785 2387 830 2415 est
840 2384 897 2415 sed
905 2383 1030 2424 fertilis
1043 2383 1130 2415 idem
1143 2394 1155 2420 ‚·
1177 2382 1181 2426 Ι
1200 2383 1303 2423 diqna
1315 2383 1472 2415 laboratis
1485 2385 1682 2423 respondent

141 2435 294 2475 praemia
319 2436 419 2473 curis,
439 2436 504 2467 1100
524 2438 577 2467 est
593 2445 656 2475 pro
674 2435 782 2466 labore
804 2435 951 2474 pretium
969 2437 1014 2466 est
1105 2435 1168 2465 394
1192 2444 1235 2467 ne
1255 2439 1301 2472 M,
1318 2444 1381 2467 nec
1406 2439 1455 2467 GL
1479 2438 1514 2466 et
1531 2426 1682 2467 editores

144 2489 281 2528 praeter
301 2486 480 2525 Iacobum,
502 2488 562 2528 qui
583 2497 661 2518 cum
683 2486 728 2518 ob
749 2486 860 2518 solum
881 2485 1008 2518 codicis
1029 2485 1125 2517 Voss.
1149 2486 1214 2518 390
1235 2496 1388 2517 amorem
1408 2485 1494 2517 illud
1514 2487 1682 2528 reciperet

142 2548 212 2569 non
228 2537 318 2568 uidit
331 2538 647 2579 interpunctionem
663 2539 715 2569 ita
730 2541 770 2569 ut
786 2547 806 2568 a
822 2547 875 2568 me
892 2540 928 2568 et
942 2537 997 2568 hic
1013 2540 1049 2569 et
1064 2546 1092 2568 11
1108 2538 1173 2569 950
1188 2546 1237 2578 sq.
1254 2537 1389 2568 factum
1404 2540 1458 2569 est
1473 2537 1682 2570 mutandam

142 2599 225 2620 esse.
274 2588 358 2620 ordo
378 2592 431 2620 est
450 2590 542 2620 enim
562 2599 620 2620 nec
639 2592 717 2620 sunt
737 2589 897 2620 inmunia
915 2592 1019 2626 tanta,
1038 2588 1146 2629 (quod
1166 2588 1244 2620 ideo
1264 2588 1356 2628 dico)
1376 2598 1417 2619 ne
1435 2588 1525 2620 forte
1542 2589 1680 2628 mirere3

142 2641 185 2672 de
210 2650 279 2681 qua
302 2639 466 2680 loquendi
489 2640 602 2671 forma
626 2640 698 2672 dixi
723 2640 767 2671 ad
792 2649 804 2671 1
829 2641 892 2671 557
917 2642 953 2671 et
976 2649 1005 2670 11
1029 2641 1090 2671 201
1183 2650 1246 2681 pro
1269 2643 1402 2671 catenas
1425 2639 1500 2671 cod.
1527 2640 1681 2673 Venetus

140 2691 278 2729 labores,
306 2701 418 2732 neque
445 2692 559 2723 minus
585 2702 692 2733 praue
720 2691 908 2733 Pingraeus
937 2690 944 2703 ‘
960 2690 1153 2723 obstacles'
1181 2692 1444 2733 interpretatur,
1471 2701 1551 2722 cum
1578 2693 1680 2734 signi-

143 2743 292 2775 ficentur
312 2752 422 2774 nexus
444 2752 558 2774 rerum
580 2743 682 2784 longa
704 2743 789 2774 serie
811 2753 854 2773 ex
876 2753 911 2773 se
933 2745 1096 2783 aptarum
1188 2743 1249 2773 395
1266 2745 1410 2774 admitti
1427 2742 1500 2780 GL2,
1519 2746 1681 2776 admittit

142 2797 200 2826 LM
289 2796 340 2824 sat
370 2797 425 2831 est,
456 2794 541 2825 satis
570 2804 735 2835 magnum
765 2793 908 2824 deorum
932 2793 1159 2824 beneficium:
1195 2796 1310 2825 cetera
1334 2796 1454 2825 nostro
1478 2794 1544 2835 ipsi
1569 2794 1681 2826 labori

140 2844 338 2877 debeamus.
388 2844 472 2876 Hor.
492 2845 591 2885 epist.
611 2853 623 2875 1
644 2845 683 2876 18
704 2845 761 2876 111
783 2854 832 2885 sq.
852 2844 936 2876 satis
953 2847 998 2876 est
1015 2854 1107 2875 orare
1128 2843 1243 2876 Iouem
1260 2854 1343 2884 quae
1357 2845 1455 2884 ponit
1472 2847 1500 2876 et
1516 2844 1624 2886 aufert
1636 2856 1648 2882 ,·
1669 2844 1674 2889 Ι
