1872 3183
263 138 345 176 116
858 135 919 177 Μ.
952 134 1203 177 MANILII

296 251 364 282 870
421 243 694 299 mortalisque
714 243 824 299 fugit
842 243 957 285 uisus
977 248 1020 285 et
1039 248 1211 299 pectora
1231 248 1388 293 nostra,

421 332 497 360 nec
517 318 714 373 prodesse
732 323 876 373 potest
896 318 1011 373 quod
1030 318 1130 359 fatis
1148 323 1304 360 cuncta
1323 323 1538 374 reguntur,

421 407 519 434 cum
539 392 678 434 fatum
697 391 812 434 nulla
832 392 966 448 possit
985 392 1148 434 ratione
1168 392 1328 434 uideri.’

422 467 525 521 quid
546 468 667 508 iuuat
685 466 730 508 in
749 471 883 508 semet
902 481 978 508 sua
998 481 1072 521 per
1090 466 1281 509 conuicia
1300 467 1397 508 ferri

422 546 465 582 et
485 541 680 584 fraudare
700 541 834 591 bonis,
856 555 965 596 quae
984 555 1060 582 nec
1081 541 1183 582 deus
1203 541 1367 583 inuidet
1386 541 1487 597 ipse,

297 622 366 654 875
422 629 612 670 quosque
631 615 751 657 dedit
770 620 923 657 natura
943 615 1085 657 oculos
1105 615 1312 670 deponere
1332 616 1485 657 mentis
1505 617 1520 658 2

421 689 696 745 perspicimus
715 689 891 739 caelum,
912 704 986 732 cur
1006 704 1091 731 non
1111 694 1154 731 et
1173 704 1347 731 munera
1367 689 1469 732 caeli
1489 691 1504 732 2

425 796 1475 806 ················

421 838 549 893 inque
568 838 680 894 ipsos
700 838 869 894 penitus
889 838 1037 880 mundi
1057 838 1306 880 descendere
1325 853 1473 881 census

258 987 409 1020 hominis
441 990 680 1021 coniecturam
714 1000 822 1031 prope
855 1000 978 1021 omnes
1012 993 1217 1032 receperunt
1249 990 1383 1022 diuerse
1410 993 1528 1022 tamen
1554 990 1797 1032 interpretati;

259 1039 410 1082 Scaliger
423 1042 515 1073 enim
533 1041 541 1054 ⁶
556 1041 723 1082 quicquid
738 1045 867 1073 natura
883 1041 1033 1078 abdidit,
1049 1042 1085 1073 id
1100 1041 1191 1083 fugit
1206 1044 1242 1073 et
1258 1042 1346 1082 (que)
1358 1042 1452 1074 uisus
1462 1044 1599 1074 nostros
1609 1045 1646 1073 et
1655 1045 1799 1084 pectora

258 1094 379 1124 nostra
394 1092 402 1106 ’
419 1093 498 1133 (hoc
513 1096 578 1130 est,
594 1096 734 1130 natura,
750 1092 995 1134 quodcumque
1010 1093 1142 1130 condit,
1154 1093 1301 1133 condit),
1314 1093 1489 1125 Breiterus
1500 1096 1618 1125 autem
1628 1093 1798 1134 quicquid,

258 1143 353 1184 quod
382 1144 476 1184 apud
505 1144 707 1176 Lucretium
736 1144 892 1185 aliosque
920 1155 983 1186 pro
1011 1144 1151 1185 quicque
1178 1145 1263 1186 poni
1286 1144 1466 1183 didicerat,
1490 1155 1552 1187 pro
1576 1144 1691 1176 omnia
1714 1145 1798 1186 poni

258 1204 359 1236 posse
384 1198 482 1227 ratus
508 1198 571 1227 est.
623 1195 749 1227 Latine
775 1195 899 1227 saltem
928 1196 1230 1237 Regiomontanus
1256 1195 1367 1227 condit
1392 1196 1482 1227 enim
1503 1205 1644 1233 uerum;
1676 1195 1736 1227 sed
1755 1205 1796 1226 ne

256 1246 285 1277 is
315 1246 456 1287 quidem
485 1246 658 1278 intellexit
689 1247 779 1278 enim
807 1246 981 1288 particula
1010 1257 1080 1278 non
1111 1257 1211 1289 posse
1235 1257 1316 1278 cum
1339 1247 1497 1279 uersibus
1523 1247 1643 1284 866-8‚
1671 1246 1796 1288 quibus

257 1301 364 1339 poeta
384 1298 542 1340 increpat
564 1301 750 1339 tamquam
772 1298 915 1330 timidos
937 1298 997 1339 qui
1020 1301 1194 1330 astrorum
1217 1308 1283 1340 ope
1299 1297 1376 1330 fata
1393 1299 1466 1330 erui
1483 1308 1583 1340 posse
1601 1298 1795 1340 desperent,

258 1349 421 1391 coniungi
438 1359 557 1381 uersus
573 1350 715 1387 869—72,
732 1349 859 1391 quibus
871 1349 1009 1381 illorum
1022 1351 1178 1391 ipsorum
1188 1350 1392 1381 continetur
1402 1350 1585 1381 sententia.
1618 1349 1799 1381 Bentleius

258 1400 304 1432 ad
321 1400 405 1433 Hor.
425 1411 525 1433 serm.
544 1410 557 1432 1
575 1402 596 1432 4
614 1402 657 1432 78
676 1401 683 1414 ⁶
699 1401 811 1442 inquit
827 1405 999 1443 perpetua
1017 1401 1168 1433 formula
1182 1404 1245 1438 est,
1261 1401 1322 1432 ubi
1335 1401 1467 1442 aliquid
1480 1411 1523 1432 ex
1536 1401 1682 1433 aduerso
1695 1401 1797 1433 nobis

257 1452 361 1484 obiici
382 1455 418 1484 et
440 1453 569 1494 opponi
592 1453 777 1494 fingimus3
814 1454 886 1484 siue
910 1453 945 1484 id
968 1453 1012 1484 ab
1035 1463 1105 1484 uno
1127 1463 1187 1484 seu
1209 1453 1378 1495 pluribus,
1402 1453 1474 1484 siue
1497 1453 1542 1484 ab
1563 1452 1707 1484 absente
1731 1462 1792 1485 seu

256 1507 439 1546 praesente
469 1504 531 1535 fiat
546 1504 565 1535 ⁷.
615 1505 666 1536 ita
697 1504 804 1536 semel
834 1508 941 1545 atque
970 1505 1097 1536 iterum
1128 1505 1257 1542 Cicero,
1280 1505 1481 1546 saepissime
1507 1503 1636 1536 Seneca
1659 1504 1798 1536 locutus

257 1558 334 1593 est3
367 1565 410 1587 ex
429 1556 542 1597 poetis
562 1555 732 1587 Horatius
752 1565 851 1586 serm.
874 1564 887 1587 Ι
907 1556 927 1587 3
950 1556 1024 1592 126,
1045 1558 1067 1587 4
1087 1556 1140 1592 79,
1158 1565 1185 1587 11
1204 1557 1224 1586 2
1245 1556 1298 1592 99,
1313 1555 1490 1587 quenalis
1505 1564 1570 1587 XIV
1590 1556 1651 1588 153
1668 1555 1793 1596 (aliter,

258 1606 319 1638 sed
342 1607 426 1639 item
450 1609 491 1638 ut
513 1606 648 1638 nullum
671 1607 868 1638 subiectum
891 1610 1013 1648 ponat,
1037 1616 1081 1638 ΠΙ
1106 1608 1180 1645 153,
1205 1616 1258 1638 VII
1280 1608 1371 1646 242),
1394 1606 1542 1638 fortasse
1558 1606 1736 1639 Phaedrus
1754 1615 1798 1639 111

259 1658 345 1700 prol.
373 1659 417 1695 4;
456 1658 505 1689 ait
531 1657 700 1689 Horatius
727 1658 827 1699 epist.
858 1666 871 1688 Ι
899 1659 938 1689 19
965 1659 1006 1690 43
1034 1657 1161 1698 aliique
1253 1658 1316 1689 872
1339 1661 1453 1689 fatum
1477 1661 1546 1696 LM,
1573 1661 1659 1690 fatis
1681 1661 1707 1689 G

303 1709 367 1741 873
383 1710 497 1751 ipsum
515 1710 550 1740 in
562 1719 596 1740 se
609 1709 725 1741 inuehi
740 1709 970 1741 conuiciando
1062 1710 1126 1741 874
1141 1710 1222 1741 deus
1239 1709 1370 1741 inuidet
1385 1709 1472 1740 bona
1486 1709 1653 1741 inusitate
1669 1709 1799 1741 dicitur

258 1771 329 1792 non
354 1760 552 1798 accedente,
578 1761 638 1802 qui
664 1760 826 1792 accedere
852 1761 951 1797 solet,
978 1763 1019 1792 ut
1044 1761 1108 1792 915
1133 1763 1170 1792 et
1196 1769 1225 1791 11
1252 1761 1326 1798 143,
1354 1760 1475 1792 datiuo
1492 1771 1684 1802 personae3
1714 1771 1797 1792 nam

258 1811 439 1844 dissimilia
460 1815 542 1843 sunt
563 1812 649 1843 Hor.
672 1822 771 1843 serm.
796 1820 809 1843 Ι
830 1812 850 1843 9
872 1812 914 1843 25
935 1811 1088 1843 inuideat
1107 1812 1194 1852 quod
1216 1815 1243 1842 et
1260 1812 1492 1853 Hermoyenes,
1512 1821 1567 1852 eqo
1583 1815 1690 1849 canto,
1704 1812 1793 1853 Nep.

259 1863 378 1895 Thras.
399 1865 420 1894 4
438 1865 469 1900 2,
489 1873 647 1904 quaeque
666 1863 783 1896 Cicero
801 1873 865 1905 pro
884 1863 970 1895 Sest.
994 1864 1055 1895 102
1073 1866 1110 1894 et
1128 1863 1228 1894 Tusc.
1251 1872 1293 1894 111
1307 1863 1350 1894 20
1367 1873 1410 1894 ex
1424 1863 1528 1894 Accio
1541 1863 1674 1900 attulit,
1689 1863 1795 1895 Ribb.

258 1914 344 1956 frag.
364 1917 451 1956 trag.
472 1916 536 1946 215
553 1918 590 1946 et
607 1915 683 1946 424.
732 1914 791 1946 sed
810 1925 881 1945 non
898 1915 1012 1946 minus
1026 1914 1231 1946 notabiliter
1244 1914 1385 1945 datiuus
1403 1914 1580 1946 omittitur
1593 1914 1677 1946 Hor.
1694 1924 1795 1946 serm.

258 1975 287 1998 11
313 1967 333 1998 6
358 1967 400 1998 83
425 1976 475 2007 sq.
503 1976 607 2006 neque
632 1966 690 1998 ille
711 1965 716 2009 Ι
736 1966 875 2007 sepositi
898 1966 1015 1997 ciceris
1039 1975 1098 1997 nec
1122 1966 1239 2006 lonqae
1264 1965 1392 1997 inuidit
1415 1975 1544 1997 avenae
1560 1968 1596 1997 et
1613 1965 1693 1997 Tac.
1714 1975 1793 1997 ann.

258 2027 272 2050 1
297 2018 338 2049 22
363 2019 382 2049 2
406 2028 447 2049 ne
470 2018 575 2049 hostes
597 2017 732 2058 quidem
755 2018 928 2058 sepultura
950 2017 1107 2049 inuident
1198 2017 1260 2048 875
1281 2026 1309 2048 11
1329 2018 1402 2054 122,
1422 2026 1458 2048 1v
1479 2018 1542 2048 195
1634 2020 1715 2048 ante
1733 2018 1798 2048 877

260 2080 370 2102 unum
391 2069 558 2101 excidisse
579 2079 720 2100 uersum
742 2069 833 2100 uidit
855 2068 1084 2110 Rossbergius
1106 2068 1219 2100 Fleck.
1240 2068 1355 2100 annal.
1375 2068 1442 2099 uol.
1465 2069 1527 2100 145
1547 2079 1580 2110 p.
1601 2069 1655 2105 77,
1672 2069 1709 2100 in
1725 2078 1796 2110 quo

259 2124 296 2153 et
312 2121 459 2152 uerbum
475 2120 593 2157 fuerit,
611 2120 703 2152 unde
720 2120 913 2162 penderent
928 2120 1118 2152 descendere
1131 2129 1314 2160 conponere
1327 2120 1432 2151 ceteri
1445 2119 1621 2157 infinitiui,
1637 2122 1684 2156 et,
1698 2120 1796 2151 cuius

259 2183 322 2213 que
341 2172 539 2204 coniunctio
559 2171 664 2203 index
684 2175 748 2209 est,
769 2172 965 2203 infinitiuus
987 2171 1077 2203 illius
1092 2172 1189 2202 seriei
1202 2171 1384 2212 princeps:
1414 2171 1487 2212 ipse
1512 2170 1660 2213 exempli
1683 2171 1797 2213 gratia

262 2224 364 2255 finxit
391 2233 484 2255 mens
511 2223 684 2255 hominum
709 2223 823 2264 potuit
849 2233 960 2254 rerum
983 2232 1173 2263 coqnoscere
1195 2232 1327 2254 causas.
1376 2223 1502 2253 uitium
1524 2223 1593 2254 iam
1618 2222 1796 2254 Bentleius

261 2278 297 2307 et
313 2278 354 2307 ut
368 2274 508 2307 uidetur
524 2275 675 2316 Scaliger
689 2277 856 2311 senserat,
873 2274 933 2305 sed
948 2284 1059 2315 neque
1076 2274 1124 2305 illi
1137 2284 1249 2315 neque
1263 2276 1325 2305 aut
1337 2273 1512 2305 Breiterus
1523 2277 1584 2305 aut
1596 2274 1799 2316 Postgatius

260 2327 333 2358 sine
367 2326 521 2368 reliquae
554 2326 722 2358 orationis
755 2329 791 2357 et
826 2327 1008 2357 uniuersae.
1041 2325 1237 2357 sententiae
1272 2325 1485 2356 detrimento
1521 2324 1662 2356 sustulit

304 2379 366 2410 8⁷7
384 2387 509 2410 census
531 2381 565 2409 M
589 2377 663 2409 cod.
690 2378 856 2415 Venetus,
881 2387 1023 2409 censum
1047 2381 1105 2409 GL.
1156 2386 1169 2408 1
1198 2377 1237 2408 12
1262 2376 1425 2408 aetherios
1442 2400 1449 2407 .
1469 2400 1476 2407 .
1496 2400 1504 2407 .
1522 2386 1651 2413 census,
1679 2376 1719 2408 16
1743 2386 1793 2417 sq.

260 2430 450 2470 impensius
488 2430 566 2470 ipsa
588 2427 592 2472 Ι
612 2429 696 2460 scire
733 2430 832 2460 iuuat
861 2429 976 2468 maqni
1005 2429 1143 2469 penitus
1170 2428 1366 2469 praecordia
1398 2428 1518 2459 mundi
1607 2428 1800 2460 descendere

258 2481 295 2513 in
324 2480 447 2513 mundi
475 2490 597 2512 census
625 2480 747 2511 eadem
776 2481 912 2511 ratione
941 2480 1069 2511 dicitur
1096 2490 1168 2521 qua
1197 2478 1330 2511 caelum
1358 2479 1472 2520 ipsum
1494 2478 1707 2520 profundum
1728 2478 1794 2510 dici

261 2532 360 2570 solet,
388 2535 429 2564 ut
455 2532 602 2564 uerbum
633 2531 796 2572 deposita
823 2531 985 2563 deorsum
1010 2530 1177 2562 tendendi
1201 2529 1450 2572 significatione
1471 2530 1563 2561 idem
1586 2529 1656 2561 fere
1678 2529 1795 2562 ualeat

261 2584 357 2625 quod
372 2586 554 2624 penetrare.
603 2583 652 2614 sic
670 2583 800 2615 Seneca
818 2593 888 2623 n.q.
909 2591 948 2614 VI
966 2584 986 2614 5
1005 2584 1025 2613 2
1043 2582 1159 2622 maqni
1176 2581 1288 2613 animi
1294 2581 1367 2622 fuit
1379 2592 1489 2613 reram
1502 2584 1643 2613 naturae
1654 2580 1796 2614 latebras

259 2635 428 2667 dimouere
446 2645 504 2666 nec
523 2638 710 2666 contentum
731 2634 886 2666 exteriore
906 2634 978 2666 eius
995 2636 1128 2674 aspectu
1154 2632 1368 2673 introspicere
1385 2636 1412 2663 et
1430 2633 1472 2663 in
1488 2633 1638 2665 deorum
1655 2635 1795 2664 secreta

259 2686 498 2723 descendere,
519 2686 656 2717 Persius
668 2686 758 2717 1v23
769 2688 912 2717 utnenzo
931 2685 974 2717 in
992 2695 1072 2716 sese
1088 2687 1226 2725 temptat
1243 2684 1481 2721 descendere,
1496 2682 1792 2725 quemadmodum

258 2737 365 2768 etiam
385 2737 515 2769 ferrum
534 2737 569 2768 in
590 2746 729 2778 corpus,
751 2736 897 2768 uerbum
917 2737 953 2767 in
973 2739 1108 2778 pectus
1128 2746 1211 2767 cura
1230 2735 1266 2766 in
1285 2735 1452 2771 animum,
1467 2735 1615 2766 seruitus
1628 2735 1664 2765 in
1676 2736 1791 2766 totum

260 2788 436 2820 hominem
458 2787 665 2820 descendere
688 2787 824 2819 dicitur.
874 2788 909 2818 in
932 2787 1018 2819 thes.
1043 2787 1123 2827 ling.
1149 2787 1225 2818 Lat.
1250 2795 1273 2818 v
1295 2797 1353 2828 pp.
1373 2787 1505 2818 641-52
1519 2785 1583 2817 hae
1597 2785 1745 2818 Senecae
1757 2789 1795 2817 et

258 2839 366 2871 Persii
393 2839 584 2871 locutiones
612 2839 756 2871 diuersis
784 2848 845 2870 nec
874 2839 966 2881 aptis
994 2838 1076 2870 locis
1103 2839 1237 2880 positae
1264 2838 1497 2875 inuenientur,
1519 2836 1652 2868 Manilii
1675 2846 1798 2868 uersus
