1872 3183
583 136 1069 182 ASTRONOMICON
1100 136 1166 177 IV
1591 137 1644 174 47

152 256 221 288 405
276 252 437 297 116111361,
459 252 514 297 613,
535 251 585 288 1113
604 250 791 302 pereant,
812 245 1025 300 suspirant
1044 258 1167 299 saepe
1186 247 1374 298 nepotes.

276 322 380 378 quid
397 320 512 363 66610
531 320 726 362 dabimus
746 321 761 361 ’ἐ
784 324 994 374 quantum
1013 323 1090 367 est,
1111 331 1196 373 quo
1215 322 1369 359 ueneat
1388 330 1511 357 omne
1532 317 1547 357 2

275 394 567 451 inpendendus
586 394 712 436 homo
732 399 810 444 est,
831 393 934 435 deus
953 407 1040 434 esse
1059 397 1108 433 ut
1127 391 1260 447 possit
1278 390 1323 432 in
1342 390 1445 445 ipso.

330 469 408 511 hac
428 469 508 510 tibi
527 473 776 510 nascentum
795 482 930 509 mores
949 472 1049 508 sunt
1068 466 1155 521 lege
1175 464 1366 507 notandi.

278 558 354 586 1166
373 543 476 585 561315
495 548 559 584 6513
578 542 705 598 signis
724 541 988 583 dominantia
1007 540 1163 582 discere
1183 540 1301 595 signa

153 625 222 658 410
277 632 351 673 per
373 617 501 659 denos
521 631 716 658 numeros
736 621 778 658 et
798 630 906 671 quae
925 615 1010 656 sint
1028 614 1155 657 insita
1174 614 1325 669 cuique
1345 627 1353 662 3

279 692 352 734 sed
371 691 560 747 proprias
578 695 721 746 partes
742 691 854 745 ipsas
873 694 1062 745 spectare
1081 693 1294 730 memento

278 765 347 808 uel
365 764 495 821 glacie
514 765 668 820 rigidas
687 764 754 806 uel
774 778 878 819 quas
898 762 1102 805 exusserit
1121 762 1242 818 ignis,

280 845 323 882 et
342 839 492 881 sterilis
511 840 599 881 siue
618 843 798 894 utroque
817 843 974 888 tamen,
996 851 1100 892 quas
1121 836 1272 891 largior
1292 849 1412 877 umor

115 998 230 1030 ruinis
257 1001 380 1036 uenter,
409 997 595 1040 inuigilant
622 997 732 1039 gulosi
761 996 946 1039 apparatui
974 1005 1138 1027 cenarum
1167 1005 1256 1036 quae
1285 994 1505 1025 fortunarum
1535 994 1652 1024 ruinas

116 1060 233 1081 secum
257 1049 401 1081 trahant
490 1049 553 1080 405
577 1052 724 1088 pereant
747 1052 780 1085 L,
798 1052 921 1087 pereat
943 1051 1003 1079 GM
1026 1050 1168 1089 propter
1191 1049 1312 1077 uenter.
1363 1045 1433 1076 ‘les
1456 1044 1652 1076 debauches

116 1101 296 1143 soupirent
313 1103 462 1132 souvent
480 1101 579 1141 apres
592 1099 652 1131 des
669 1100 803 1141 plaisirs
821 1100 881 1140 qui
897 1099 945 1130 les
959 1098 1164 1130 conduisent
1178 1107 1223 1129 au
1236 1096 1401 1128 tombeau
1414 1096 1421 1108 ’
1442 1096 1651 1137 Pingraeus;

116 1162 200 1183 nam
218 1151 354 1183 ridiculi
371 1154 454 1183 sunt
473 1151 589 1193 Fayus
608 1154 644 1183 et
663 1151 847 1182 Breiterus.
896 1149 975 1181 uide
995 1150 1014 1181 9
1034 1152 1069 1180 et
1091 1150 1151 1180 127
1243 1149 1306 1179 406
1326 1151 1410 1186 quid
1428 1151 1473 1185 M,
1493 1151 1585 1186 quod
1604 1151 1653 1179 GL

207 1213 275 1241 quo
304 1207 377 1240 GM,
406 1207 498 1240 quod
527 1206 550 1234 L
578 1202 653 1234 cod.
684 1203 837 1234 Venetus
927 1205 1055 1233 ueneat
1088 1200 1163 1231 cod.
1195 1199 1298 1236 Flor.‚
1328 1202 1450 1231 ueniat
1481 1202 1565 1232 GLM

162 1258 324 1295 quantum
341 1257 397 1292 est,
414 1264 521 1295 quam
538 1264 703 1295 magnum
719 1264 791 1284 esse
805 1252 910 1284 debet
924 1264 932 1290 ;
962 1262 1068 1289 omne,
1086 1251 1207 1282 mundi
1224 1250 1375 1282 uniuersi
1391 1250 1518 1281 notitia
1609 1248 1654 1280 ad

118 1305 182 1337 has
199 1306 488 1347 interrogationes
510 1315 612 1337 uersu
628 1304 825 1345 insequenti
842 1303 1080 1345 respondetur,
1098 1312 1141 1333 ne
1164 1305 1226 1333 aut
1248 1301 1419 1343 Scaligero
1437 1304 1500 1332 aut
1523 1300 1654 1332 Huetio

119 1356 239 1388 credas
329 1357 392 1388 407
419 1356 496 1389 Sen.
524 1366 594 1397 n.q.
623 1365 661 1387 vr
687 1357 706 1388 3
733 1357 754 1386 4
779 1358 901 1395 quanto
926 1355 1034 1386 satius
1060 1357 1105 1385 est
1133 1363 1253 1384 causas
1278 1353 1444 1393 inquirere
1470 1355 1498 1383 et
1523 1352 1655 1393 quidem

118 1411 183 1440 toto
205 1408 243 1440 iu
266 1407 323 1439 hoc
345 1408 510 1439 interitum
531 1408 673 1443 animm
708 1417 810 1447 neque
832 1406 921 1437 euim
943 1406 1002 1438 illo
1023 1406 1199 1446 quicquam
1221 1404 1373 1435 inueniri
1395 1404 1532 1443 diqnius
1552 1406 1659 1443 potest

118 1459 176 1491 cui
197 1469 231 1490 se
252 1469 320 1490 non
342 1462 472 1491 tautum
493 1459 670 1490 commodet
691 1458 747 1489 sed
768 1458 940 1498 impendat
1028 1457 1091 1487 408
1114 1456 1185 1494 hac,
1208 1465 1297 1496 quae
1324 1455 1480 1486 uersibus
1502 1454 1657 1487 294-386

119 1511 280 1553 exposita
302 1513 356 1541 est
445 1510 595 1541 409—501
621 1519 710 1550 quae
733 1510 910 1550 signorum
940 1510 1056 1549 partes
1080 1507 1204 1548 frigore
1228 1506 1339 1538 661016
1364 1516 1482 1537 umore
1500 1506 1657 1537 siccitate

118 1565 303 1603 corruptae
335 1561 475 1592 inutiles
508 1564 570 1592 aut
602 1560 786 1602 pestiferae
818 1561 898 1591 sint.
947 1559 989 1590 de
1017 1559 1176 1590 doctrina
1208 1557 1341 1589 Manilii
1372 1557 1512 1599 propria
1545 1566 1658 1598 pauca

119 1613 193 1644 dixi
208 1613 244 1643 in
260 1611 477 1654 praefatione
566 1612 630 1642 409
646 1611 748 1643 huius
765 1621 884 1642 uersus
898 1611 1002 1651 (sicut
1018 1611 1125 1641 etiam
1142 1610 1221 1649 418)
1238 1609 1377 1640 initium
1394 1609 1523 1639 maiore
1539 1608 1658 1640 littera

117 1664 311 1705 insigniunt
334 1667 403 1701 ΒΜ,
429 1663 490 1694 sed
517 1664 644 1694 rectius
668 1662 818 1703 Scaliger
841 1665 877 1693 613
902 1661 1079 1693 Bentleius
1104 1660 1345 1702 paragraphen
1369 1659 1553 1691 ordiuntur
1577 1669 1598 1690 6
1622 1669 1655 1691 11.

118 1715 195 1753 408,
216 1715 277 1756 qui
294 1724 374 1746 cum
394 1714 438 1745 ad
457 1715 611 1746 294-386
630 1714 803 1755 respiciat,
823 1714 979 1755 proxime
998 1711 1285 1754 praecedentibus
1304 1711 1445 1752 adiungi
1464 1721 1534 1742 non
1554 1710 1659 1742 debet

208 1766 273 1797 410
296 1776 380 1807 quae
404 1766 502 1807 signa
526 1765 595 1796 siut
620 1765 725 1796 insita
749 1764 867 1805 cuique
891 1765 1000 1805 signo,
1027 1763 1124 1794 uelut
1149 1763 1263 1794 Tauro
1289 1763 1394 1793 insita
1419 1765 1502 1793 sunt
1527 1761 1658 1794 Cancer

119 1817 189 1849 Leo
208 1817 336 1859 Virgo;
368 1816 502 1848 fallitur
520 1817 612 1848 enim
632 1816 820 1857 Pingraeus
910 1815 972 1846 411
990 1815 1161 1855 proprias,
1181 1815 1357 1856 signorum
1375 1814 1541 1855 ipsorum,
1562 1813 1658 1845 nulla

119 1868 331 1900 decanorum
355 1869 489 1899 ratione
513 1867 645 1899 habita.
694 1868 758 1900 318
783 1877 833 1908 sq.
860 1867 1090 1908 (quamquam
1114 1866 1249 1897 Taurus
1273 1865 1369 1896 nulla
1392 1864 1457 1896 sub
1481 1867 1581 1906 parte
1606 1865 1659 1896 sui

120 1921 295 1960 censetur)
317 1923 441 1951 natura
460 1929 521 1959 per
542 1922 669 1950 astrum
691 1917 695 1961 Ι
715 1921 779 1949 stat
801 1922 911 1949 tamen
934 1921 962 1949 et
982 1917 1164 1957 proprias
1186 1917 1298 1948 miscet
1318 1926 1377 1956 per
1399 1916 1535 1956 sinyuta
1557 1916 1659 1953 uires,

121 1971 186 2003 379
206 1971 419 2011 diuersasque
434 1970 549 2011 ferunt
566 1970 726 2010 proprio
745 1969 805 2001 sub
825 1969 960 2001 nomine
980 1969 1062 2009 leqes
1151 1968 1216 1999 412
1236 1978 1324 2006 quas
1344 1971 1405 2004 GL,
1427 1977 1516 2006 quae
1536 1971 1570 1999 M

166 2024 340 2054 exusserit
355 2021 430 2053 cod.
449 2021 597 2056 Monac.⁹
616 2025 798 2053 exusserat
814 2020 889 2056 GL2,
906 2030 1009 2052 sexus
1023 2024 1101 2051 erat
1117 2023 1174 2051 ΒΜ
1187 2020 1225 2060 (1.
1237 2019 1344 2050 etiam
1357 2021 1486 2057 glaties
1499 2020 1534 2050 et
1548 2019 1634 2059 igni)
1650 2029 1658 2049 ε

122 2073 188 2105 499
206 2075 423 2112 superauerat
442 2073 537 2104 Voss.
562 2073 601 2103 18
620 2082 682 2114 pro
701 2071 910 2111 superauerit
998 2071 1062 2101 413
1081 2073 1215 2102 sterilis
1233 2074 1292 2106 GL,
1307 2073 1448 2102 sceleris
1461 2073 1494 2101 M
1585 2072 1660 2101 sine

121 2124 194 2165 (sn)
216 2124 307 2156 inter
328 2134 344 2155 5
366 2127 402 2155 613
426 2133 448 2154 u
469 2123 604 2155 litteras
626 2122 768 2154 addidi:
805 2122 966 2163 quamuis
988 2122 1060 2153 sine
1082 2122 1189 2162 glacie
1212 2124 1248 2152 et
1269 2121 1351 2162 igni,
1375 2124 1493 2152 tamen
1516 2119 1661 2152 steriles.

121 2184 135 2207 1
160 2176 221 2207 147
243 2185 294 2216 sq.
313 2174 420 2216 facies
441 2184 645 2215 quacumque
666 2177 776 2205 tamen
797 2173 857 2204 sub
879 2173 1006 2213 oriyine
1027 2183 1136 2204 rerum
1158 2171 1162 2215 Ι
1181 2172 1347 2209 conuenit,
1370 2172 1431 2203 ubi
1452 2171 1531 2203 uide
1554 2171 1663 2202 adno-

121 2227 305 2264 tationem,
339 2226 454 2258 Plaut.
483 2229 576 2268 capt.
602 2227 668 2258 404
691 2225 770 2257 bene
784 2250 791 2256 .
808 2249 815 2257 .
832 2249 839 2257 .
855 2235 909 2256 ero
931 2224 1071 2265 qessisse
1094 2234 1218 2256 morem
1245 2224 1285 2255 in
1318 2223 1435 2255 tantis
1467 2223 1662 2255 aerumnis

119 2281 244 2310 tamen
283 2279 460 2320 (quamuis
496 2279 533 2309 in
575 2278 685 2309 tantis
729 2277 930 2316 aerumnis),
978 2275 1106 2317 Amph.
1150 2276 1227 2313 542,
1268 2275 1339 2307 mil.
1385 2276 1468 2307 1341
1516 2274 1664 2306 absenti

119 2333 257 2368 tamen,
283 2329 384 2371 Prop.
409 2338 438 2360 11
463 2329 506 2361 34
536 2329 579 2361 49
610 2338 660 2369 sq.
693 2337 751 2359 uec
781 2331 818 2358 tu
848 2330 915 2358 tam
941 2327 1041 2358 duros
1068 2336 1128 2366 per
1150 2329 1178 2357 te
1204 2326 1347 2365 patieris
1374 2335 1530 2357 amores:
1552 2324 1556 2368 Ι
1576 2329 1664 2357 trux

121 2383 247 2412 tamen
267 2390 289 2412 a
308 2380 404 2412 nobis
422 2383 498 2412 ante
516 2380 705 2412 domandus
723 2379 787 2410 eris
806 2379 980 2420 (quamuis
999 2380 1092 2415 trux,
1111 2380 1229 2409 tamen
1252 2376 1459 2415 domandus,
1476 2376 1571 2418 quod
1589 2387 1663 2408 cor-

123 2434 293 2473 ruperunt
313 2432 477 2473 imperiti,
499 2431 729 2463 Baehrensius
750 2430 871 2467 animi,
890 2429 1021 2461 Birtius
1042 2429 1141 2460 etiam
1162 2428 1390 2468 coniciendo),
1425 2429 1523 2469 Verg.
1549 2428 1624 2460 buc.
1650 2439 1663 2462 1

125 2484 166 2514 27
191 2482 333 2520 libertas,
357 2492 440 2523 quae
455 2492 540 2514 sera
557 2485 680 2514 tamen
703 2482 845 2522 respexit
862 2481 999 2512 inertem
1023 2480 1199 2522 (quamuis
1222 2481 1323 2520 5616),
1347 2480 1425 2511 ciris
1449 2480 1513 2511 263
1537 2479 1575 2511 iri
1598 2490 1662 2520 quo

118 2533 227 2575 falsa
250 2537 374 2565 tamen
393 2534 492 2565 lateat
507 2534 645 2574 pietatis
670 2533 790 2573 imaqo,
811 2532 913 2564 Aetn.
935 2533 999 2564 543
1022 2542 1072 2572 sq.
1095 2532 1235 2572 ipsaque
1253 2530 1339 2572 ferri
1360 2529 1364 2574 Ι
1384 2531 1536 2563 materies
1554 2540 1662 2571 prae-

126 2585 223 2618 dura
247 2587 372 2616 tamen
397 2584 599 2616 subuertitur
624 2584 708 2625 iqui,
736 2583 837 2616 Ouid.
866 2586 948 2614 met.
977 2591 999 2614 v
1026 2584 1067 2614 67
1094 2593 1144 2624 sq.
1173 2583 1308 2614 emicuit
1333 2592 1435 2614 neruo
1461 2581 1661 2622 penetrabile

123 2636 225 2669 telum
246 2634 251 2679 Ι
270 2636 502 2677 uitatumque
519 2639 645 2668 tamen
661 2636 802 2667 sinuosa
819 2638 907 2666 ueste
918 2634 1088 2674 pependit,
1103 2633 1192 2666 Stat.
1209 2634 1284 2665 silu.
1306 2643 1319 2664 1
1336 2635 1357 2664 4
1375 2634 1417 2666 32
1435 2643 1485 2675 sq.
1507 2636 1535 2665 et
1548 2633 1663 2665 diues

126 2688 287 2728 praedae
319 2690 444 2719 tamen
477 2687 599 2727 accipit
632 2687 725 2718 omni
746 2685 750 2729 Ι
771 2686 912 2718 exuuias
944 2686 1061 2717 Diana
1089 2685 1186 2723 tholo,
1213 2694 1241 2716 11
1266 2686 1285 2716 2
1312 2685 1353 2717 65
1378 2685 1409 2716 si
1433 2685 1514 2725 quid
1537 2685 1662 2717 adhuc

124 2748 250 2771 uacua
265 2741 389 2770 tamen
403 2737 600 2770 admirabile
610 2737 696 2769 Pisa
716 2736 721 2781 Ι
741 2737 925 2769 Phidiacae
936 2746 1043 2768 rasere
1053 2746 1186 2773 manus,
1200 2736 1292 2767 Pers.
1306 2745 1343 2768 vr
1354 2737 1397 2767 58
1410 2735 1501 2767 haud
1512 2739 1663 2776 prompte

124 2790 235 2822 dicam
257 2786 378 2828 tamen,
397 2789 496 2821 Lucr.
521 2798 559 2821 1v
581 2790 646 2821 952
669 2799 719 2830 sq.
739 2788 874 2820 cubanti
890 2813 897 2820 .
917 2812 925 2820 .
944 2812 951 2819 .
971 2791 1091 2826 tamen,
1116 2787 1198 2819 Luc.
1218 2796 1231 2818 Ι
1248 2788 1312 2820 378
1330 2787 1443 2818 inuita
1459 2811 1466 2819 .
1486 2811 1493 2818 .
1515 2813 1521 2819 .
1540 2790 1662 2825 tameu,

124 2850 169 2873 ΠΙ
188 2842 250 2873 251
273 2851 341 2873 uon
361 2843 461 2873 totam
477 2865 485 2872 .
504 2865 512 2872 .
531 2864 539 2872 .
558 2843 678 2878 tamen,
697 2840 764 2873 Cic.
787 2850 849 2882 pro
871 2839 905 2872 C.
927 2839 1015 2871 Rab.
1036 2839 1130 2871 Post.
1150 2840 1190 2871 41
1213 2839 1251 2871 iri
1272 2838 1470 2870 miserrimis
1486 2837 1581 2871 rebus
1598 2863 1606 2871 .
1625 2863 1632 2871 .
1653 2863 1662 2870 .
