1872 3183
599 139 1083 184 ASTRONOMICON
1116 139 1182 180 IV
1609 140 1664 179 93

345 251 499 292 idcirco
519 251 562 291 in
582 251 720 292 uarias
740 251 849 306 leges
868 250 1089 304 uariasque
1109 249 1262 304 figuras

292 325 544 380 dispositum
563 339 693 379 genus
713 330 777 366 est
796 324 1028 374 hominum,
1048 323 1300 379 proprioque
1320 321 1456 364 colore

291 399 529 440 formantur
548 404 706 454 gentes,
727 399 971 453 sociataque
989 398 1081 439 iura
1100 412 1174 453 per
1194 402 1312 438 artus

292 473 597 527 materiamque
618 487 761 527 parem
781 473 950 528 priuato
969 472 1134 513 foedere
1154 471 1335 526 signant.

169 554 236 585 715
292 546 403 588 flaua
422 561 496 602 per
514 546 705 602 ingentes
724 546 857 602 surgit
878 546 1101 589 Germania
1121 550 1282 600 partUS,

294 620 428 663 Gallia
447 621 586 662 uicino
606 621 744 662 minus
765 626 829 662 est
848 620 1004 662 infecta
1023 620 1187 669 rubore,

293 694 476 750 asperior
495 695 649 736 solidos
667 695 876 750 Hispania
895 694 1109 736 contrahit
1128 698 1258 734 artus.

128 833 169 872 ῥα
193 835 245 864 καὶ
270 835 402 873 ἀλλοίην
429 835 549 876 ῥυσμοῢ
576 836 673 874 φύσιν
697 834 811 874 ἕλλαχ’
836 835 966 873 ἑκάστη·
986 832 1026 876 Ιὴ
1053 835 1110 873 μὲν
1135 835 1199 875 γὰρ
1224 835 1320 871 λευκή
1342 845 1377 864 τε
1399 834 1449 864 καὶ
1472 832 1666 872 ἀργινόεσσα

130 883 349 927 τέτυκται,Ιὴ
382 887 416 917 δὲ
444 888 658 926 κελαινοτέρη,
692 887 712 925 ὴ
744 886 771 917 δ’
799 888 984 926 ἀμφοτέρων
1017 888 1101 925 λάχε
1131 887 1268 926 μορφὴν,
1290 883 1397 927 Ιᾶλλη
1430 884 1457 913 δ’
1492 883 1666 921 Ἀσσυρίησ

131 937 296 976 ἐναλιγκίη
322 938 410 968 ἄνθει
435 939 560 975 μίλτου,
579 935 584 980 Ι
601 940 698 969 ἄλλαι
724 936 750 968 δ’
777 939 904 968 ἀλλοῖαι
994 937 1055 968 711
1079 939 1200 968 uarias
1217 939 1314 973 leges
1337 934 1413 972 GU,
1429 937 1532 966 uaria.
1549 937 1667 969 elegea

129 989 188 1017 LM
288 987 351 1018 713
383 988 603 1029 interpunxit
637 987 944 1029 Regiomontanus.
992 987 1118 1018 sociata
1153 987 1231 1018 iura
1264 997 1324 1027 per
1360 989 1464 1023 artus,
1501 987 1665 1016 naturam

130 1037 331 1079 corporibus
367 1038 530 1071 humanis
566 1049 786 1070 communem
875 1039 1024 1070 715-717
1063 1038 1184 1070 similis
1226 1038 1320 1069 locus
1361 1038 1397 1068 in
1439 1036 1534 1077 Calp.
1578 1033 1663 1066 decl.

130 1089 152 1119 2
187 1089 234 1120 sic
265 1089 531 1131 distinguendus
565 1093 643 1121 est:
691 1100 754 1121 sua
786 1090 905 1130 cuique
927 1090 1016 1130 qenli
1041 1090 1140 1121 etiam
1159 1088 1268 1130 facies
1295 1091 1414 1120 manet.
1463 1086 1560 1118 rutili
1588 1088 1667 1117 sunt

133 1140 332 1172 Germaniae
374 1141 490 1172 uultus
540 1145 568 1173 et
607 1142 707 1183 flaua
745 1141 928 1181 proceritas
942 1152 954 1177 ,·
995 1141 1189 1181 Hispaniae
1207 1164 1214 1171 .
1234 1164 1241 1171 .
1261 1164 1268 1171 .
1289 1139 1552 1180 (interciderunt
1595 1146 1667 1168 non

133 1190 266 1231 nulla):
308 1202 375 1223 non
415 1192 524 1224 eodem
560 1203 674 1224 omnes
701 1192 805 1224 colore
837 1193 1019 1233 tinquntur.
1067 1193 1225 1234 sequitur
1256 1191 1360 1232 paulo
1393 1193 1473 1232 post
1493 1189 1563 1221 illic
1585 1187 1667 1229 effu-

132 1242 224 1273 siora
259 1252 406 1283 corpora,
444 1243 515 1275 illic
551 1243 733 1275 collectiora
768 1247 953 1275 nascuntur
1041 1244 1104 1275 715
1143 1242 1222 1274 Tac.
1261 1242 1375 1274 Germ.
1419 1243 1441 1272 4
1477 1242 1497 1272 2
1535 1239 1667 1272 habitus

134 1317 142 1324 .
162 1317 168 1324 .
188 1317 195 1324 .
213 1303 386 1334 corporum
404 1318 412 1325 .
431 1318 439 1326 .
458 1319 466 1326 .
484 1295 572 1327 idem
615 1294 782 1332 omnibm,
799 1318 807 1326 .
827 1318 834 1326 .
853 1318 861 1326 .
880 1294 1002 1326 rutilae
1046 1304 1168 1332 comae,
1209 1303 1333 1334 maqna
1372 1302 1510 1333 corpora

177 1345 240 1376 716
264 1344 380 1378 Gallos
413 1345 573 1378 dilutiore
605 1345 686 1377 fuco
718 1346 838 1378 infecit
864 1346 969 1377 rubor
994 1345 1086 1377 flauo
1112 1345 1363 1377 Germanorum
1393 1344 1497 1376 colori
1520 1342 1664 1374 uicinus.

132 1397 266 1428 incerta
281 1400 318 1429 et
334 1400 522 1439 utrumque
539 1398 783 1440 complectenti
799 1397 929 1430 ruboris
945 1397 1188 1439 appellatione,
1206 1407 1312 1438 quam
1329 1397 1365 1428 in
1381 1396 1506 1437 capillo
1520 1394 1666 1436 pilisque

134 1451 346 1490 usurparunt
369 1449 537 1481 Martialis
559 1458 615 1481 ΧΠ
638 1451 681 1481 54
707 1451 721 1481 1
748 1449 839 1481 crine
861 1449 957 1481 ruber
979 1452 1015 1481 et
1039 1449 1194 1481 Catullus
1218 1449 1259 1481 67
1284 1449 1327 1480 46
1351 1447 1451 1479 rubra
1474 1445 1667 1488 supercilia,

133 1499 283 1531 colorem
307 1500 479 1541 significat
503 1500 595 1532 flauo
620 1501 692 1532 siue
716 1501 822 1541 ξανθῷ
848 1500 1034 1532 finitimum
1060 1510 1163 1541 quem
1187 1500 1326 1542 proprio
1351 1498 1521 1530 uocabulo
1545 1496 1668 1530 Graeci

135 1552 262 1592 πυρρόν,
289 1550 406 1583 Latini
431 1551 571 1584 rutilum
595 1551 836 1589 nominabant,
857 1551 978 1584 C.G.L.
995 1560 1038 1583 111
1054 1552 1119 1584 253
1140 1552 1180 1583 14
1196 1561 1246 1592 sq.
1265 1553 1381 1590 ξανθόσ
1400 1550 1529 1591 flauuS,
1547 1551 1668 1590 πυρρόσ

135 1601 267 1634 rutilus.
315 1601 400 1634 Gell.
421 1611 449 1634 11
470 1603 513 1634 26
535 1604 555 1634 5
576 1603 674 1644 rufus
690 1603 778 1634 color
798 1603 913 1644 inquit
935 1603 1126 1634 Fauorinus
1148 1613 1170 1633 a
1190 1602 1305 1634 rubore
1325 1602 1458 1643 quidem
1479 1600 1669 1642 appellatus

134 1656 190 1691 est,
209 1654 276 1691 sed,
295 1663 370 1686 cum
388 1654 485 1686 aliter
501 1653 615 1686 rubeat
633 1655 734 1695 tynis,
753 1655 849 1686 aliter
866 1654 1017 1695 sanquis,
1035 1655 1131 1686 aliter
1147 1657 1282 1692 ostrum,
1300 1653 1397 1686 aliter
1413 1662 1554 1690 crocum,
1573 1651 1669 1684 aliter

132 1714 267 1743 aurum,
290 1704 350 1736 has
372 1705 525 1745 sinqulas
546 1706 612 1746 rufi
633 1706 811 1737 uarietates
831 1705 958 1737 Latina
974 1706 1079 1737 oratio
1100 1705 1245 1745 sinqulis
1263 1705 1477 1746 propriisque
1497 1702 1671 1735 uocabulis

134 1766 203 1788 non
235 1755 437 1788 demonstrat
469 1757 647 1798 omniaque
679 1757 747 1788 ista
779 1757 947 1798 siqnificat
978 1767 1050 1789 una
1082 1756 1233 1788 ruboris
1265 1756 1513 1797 appellatione;
1546 1757 1668 1786 eontra

134 1807 266 1839 Fronto
306 1807 389 1840 ibid.
430 1809 449 1839 8
482 1808 623 1849 flauas
640 1832 647 1839 .
667 1832 675 1839 .
695 1832 702 1839 .
723 1812 751 1840 et
788 1809 936 1840 rutilus
953 1832 960 1839 .
980 1832 987 1839 .
1008 1832 1015 1839 .
1034 1808 1275 1849 appellationes
1316 1811 1395 1839 sunt
1433 1806 1500 1848 rufi
1540 1806 1668 1837 coloris.

134 1858 278 1890 rutilum
302 1857 394 1890 flauo
420 1869 527 1900 quam
552 1860 598 1891 sit
623 1859 776 1891 uicinum
801 1862 837 1891 et
862 1859 946 1901 quid
970 1860 1108 1891 intersit
1138 1858 1240 1890 docet
1264 1858 1414 1891 Galenus
1439 1860 1511 1899 περὶ
1536 1860 1668 1898 κρίσεων

132 1909 191 1942 lib.
209 1918 233 1948 Ι,
248 1909 387 1941 Kuehn.
404 1910 493 1942 med.
511 1909 567 1942 Gr.
584 1919 623 1942 IX
638 1920 695 1952 pp.
712 1911 777 1943 599
791 1920 854 1952 sq„
871 1913 1063 1951 ἐγγυτάτω
1079 1913 1136 1949 τὴν
1154 1914 1250 1950 φύσιν
1265 1913 1336 1942 ἐστὶ
1350 1912 1387 1942 τὸ
1405 1911 1536 1951 πυρρὸν
1553 1911 1668 1950 χρῶμα

134 1961 178 2001 τῷ
201 1961 330 2002 ξανθῷ·
377 1963 518 2003 διαφέρει
535 1962 562 1993 δ’
579 1964 730 2000 ἀλλήλων
747 1962 793 2002 τῴ
808 1964 845 1994 τὸ
860 1964 917 2000 μὲν
934 1964 1118 2003 λευκότερον
1135 1965 1225 2000 εἶναι,
1245 1964 1281 1993 τὸ
1299 1964 1332 1993 δὲ
1358 1962 1585 2001 στιλπνότερον
1603 1983 1611 1990 .
1631 1983 1638 1990 .
1659 1982 1667 1990 .

132 2014 174 2044 τὸ
199 2014 331 2053 πυρρὸν
347 2015 410 2044 τοῦ
435 2014 568 2052 ξανθοῦ
592 2015 808 2053 λευκότερον
825 2036 833 2044 .
852 2037 860 2044 .
879 2037 886 2044 .
905 2012 1000 2052 ἦττον
1026 2015 1137 2045 λευκόν
1163 2017 1231 2045 ἐστι
1257 2015 1293 2045 τὸ
1319 2015 1431 2051 ξανθὸν
1457 2014 1513 2044 τοῦ
1538 2013 1666 2052 πυρροῦ.

134 2063 200 2095 hac
227 2063 380 2095 colorum
407 2064 587 2095 uicinitate
614 2063 748 2095 factum
775 2067 828 2095 est
851 2067 891 2095 ut
919 2063 1081 2096 Germani
1108 2067 1144 2096 et
1171 2063 1264 2096 Galli
1290 2064 1427 2104 utrique
1455 2062 1559 2094 modo
1586 2061 1669 2094 flaui

135 2115 239 2146 modo
258 2115 355 2147 rutili
374 2115 593 2157 appellentur
612 2118 718 2156 atque
738 2115 824 2148 adeo
844 2115 936 2147 idem
956 2115 1060 2147 homo
1080 2115 1183 2147 simul
1201 2115 1313 2147 flauus
1333 2118 1369 2147 et
1388 2114 1523 2152 rutilus,
1542 2115 1623 2146 Luc.
1644 2123 1669 2145 x

138 2166 262 2198 129-31
288 2176 372 2207 pare
396 2169 464 2198 tam
490 2165 627 2207 slauos
659 2166 740 2206 qerit
764 2166 869 2198 altera
893 2167 1000 2197 crines
1022 2164 1082 2209 {ut
1107 2166 1212 2198 nullis
1237 2166 1362 2198 Caesar
1388 2165 1498 2197 Rheni
1523 2175 1557 2197 se
1582 2165 1671 2197 dicat

133 2218 173 2248 in
192 2217 287 2248 aruis
309 2214 314 2260 Ι
333 2220 401 2249 tam
425 2217 569 2248 rutilas
586 2217 715 2248 uidisse
733 2227 843 2248 comas
860 2217 1152 2258 (Germanorum),
1172 2217 1229 2249 Sil.
1251 2226 1288 2248 Iv
1307 2217 1416 2249 200-3
1435 2216 1588 2257 flauam
1604 2240 1612 2248 .
1631 2240 1639 2248 .
1658 2240 1666 2248 .

131 2268 311 2300 caesariem
334 2268 521 2309 crinemque
537 2292 544 2299 .
564 2292 570 2299 .
590 2292 598 2300 .
617 2279 699 2299 auro
723 2271 897 2300 certantem
922 2271 950 2300 et
972 2269 1135 2300 rutilum
1159 2268 1219 2300 sub
1243 2268 1363 2300 uertice
1386 2268 1511 2299 nodum
1535 2267 1668 2308 (Galli),

135 2319 264 2352 Auson.
289 2320 353 2352 393
375 2321 419 2351 44
440 2330 490 2360 sq.
515 2319 624 2361 (Peip.
648 2330 681 2361 p.
706 2320 785 2359 246)
807 2319 931 2351 crinem
947 2319 1087 2360 slauus
1107 2320 1291 2360 niuea-sque
1312 2319 1447 2351 lacertos
1467 2317 1472 2362 Ι
1491 2319 1670 2351 caesariem

135 2371 294 2403 rutilam
316 2381 377 2412 per
401 2371 547 2402 candida
570 2371 656 2402 colla
679 2371 842 2412 refundi&
868 2371 908 2409 Q.
933 2371 1048 2403 Seren.
1078 2371 1120 2402 52
1144 2370 1189 2402 ad
1210 2371 1368 2402 rutilam
1394 2370 1536 2410 speciem
1558 2370 1671 2410 πόρνοις

129 2422 347 2463 slauescere
366 2422 484 2459 crines,
505 2422 599 2454 Seru.
623 2422 707 2453 Aen.
731 2431 769 2453 1v
790 2422 855 2454 698
874 2422 913 2453 in
934 2423 1058 2454 Catone
1078 2422 1195 2462 leqilur
1215 2422 1253 2453 de
1273 2425 1500 2453 matronarum
1521 2421 1670 2453 crinibus

141 2474 148 2486 ⁴
158 2473 271 2514 flauo
304 2473 411 2505 cinere
442 2473 650 2505 unctitabant
682 2476 718 2504 ut
741 2473 884 2505 rutilae
916 2474 1068 2510 essent'3
1114 2483 1328 2514 quamquam
1361 2472 1511 2505 Galenus
1543 2473 1670 2504 rectius

138 2524 260 2556 rutilos
284 2523 474 2556 Germanos
499 2534 606 2566 quam
630 2524 740 2556 fiauos
765 2525 881 2556 uocari
906 2524 1086 2556 contendit
1113 2526 1205 2556 διαίτ.
1233 2527 1284 2565 ὑγ.
1312 2523 1450 2555 Kuehn.
1485 2523 1574 2555 med.
1609 2523 1668 2556 Gr.

135 2584 185 2607 XV
209 2585 242 2617 p.
272 2576 346 2614 185,
371 2575 431 2608 ubi
456 2579 643 2617 postquam
667 2579 745 2608 τοὺσ
764 2579 902 2617 πυρρούσ·
920 2578 958 2607 et
975 2579 1052 2608 τοὺσ
1072 2578 1351 2615 πλησιάζοντασ
1370 2578 1482 2607 abruta
1503 2577 1583 2607 κατὰ
1610 2578 1669 2613 τὴν

135 2629 246 2668 χροιὰν
272 2630 329 2658 οὒσ
354 2629 491 2665 ξανθοὺσ
516 2628 702 2665 ὀνομάζουσι
728 2627 1024 2665 commemorauit,
1046 2627 1093 2658 sic
1113 2627 1226 2668 pergit
1248 2628 1404 2667 χρώμενοι
1424 2628 1458 2658 δὲ
1479 2628 1576 2658 ἐνίοτε
1598 2629 1670 2660 τοῒσ

135 2681 285 2718 ὀνόμασιν
311 2680 365 2709 οὐκ
389 2680 531 2719 ἀκριβῶσ
555 2681 630 2710 ἔνιοι
654 2680 716 2709 τῶν
741 2681 855 2719 βιβλία
879 2680 1074 2720 γραψάντων
1091 2702 1098 2709 .
1119 2701 1127 2709 .
1146 2702 1154 2709 .
1174 2680 1360 2717 ὀνομάζουσι
1384 2680 1462 2709 τοὺσ
1487 2680 1671 2719 Γερμανοὺσ

135 2732 282 2769 ξανθοὺσ,
303 2732 403 2761 καίτοι
425 2742 464 2768 γε
487 2731 541 2761 οὐκ
564 2731 662 2761 ὄντασ
685 2732 832 2769 ξανθοὺσ,
852 2731 907 2761 ἐὰν
930 2732 1072 2771 ἀκριβῶσ
1088 2742 1141 2761 τισ
1161 2731 1257 2769 ἐθέλῃ
1277 2731 1397 2768 καλεῖν,
1417 2731 1501 2761 ἀλλὰ
1520 2732 1669 2771 πυρρούσ.

137 2780 202 2813 Εᾶ.
221 2779 404 2812 Muellerus
423 2779 466 2811 de
483 2779 595 2812 Posid.
615 2779 707 2811 Man.
727 2783 818 2812 auct.
836 2790 868 2822 p.
889 2781 932 2812 26
957 2780 1078 2812 attulit
1103 2780 1216 2813 Strab.
1234 2788 1286 2811 vn
1303 2790 1336 2822 p.
1354 2780 1418 2812 290
1432 2782 1586 2821 Γερμανοὶ
1605 2804 1612 2812 .
1632 2804 1640 2812 .
1661 2804 1669 2812 .

133 2834 243 2874 μικρὸν
267 2833 522 2872 ἐξαλλάττοντεσ
549 2834 606 2863 τοῦ
634 2834 792 2864 Κελτικοῦ
821 2835 922 2872 φύλου
949 2832 994 2873 τῷ
1020 2845 1055 2864 τε
1085 2832 1277 2872 πλεονασμῷ
1307 2834 1368 2871 τῆσ
1393 2834 1586 2873 ἀγριότητοσ
1618 2835 1672 2865 καὶ
