1872 3183
204 66 222 103 1
231 64 284 102 22
798 63 858 105 M.
891 63 1143 107 MANILH

361 186 449 214 esse
468 172 659 214 homines
682 174 696 215 2
759 173 948 229 proiecta
969 174 1109 216 iacent
1129 174 1328 216 animalia
1348 181 1502 218 cuncta

361 246 404 288 in
423 252 536 288 terra
555 247 623 289 uel
643 261 778 289 mersa
798 248 934 298 uadis,
955 248 1023 290 uel
1043 249 1087 290 in
1106 263 1200 290 aere
1219 250 1420 305 pendent,

237 326 322 359 899³*
363 321 558 363 omnibus
579 335 663 363 una
684 322 801 377 quies
822 327 970 364 uenter
1029 356 1525 365 ........

363 427 926 437 .........
997 411 1253 453 censumque
1272 413 1345 453 per
1366 403 1496 449 artus,
1584 397 1671 438 899b

237 476 304 508 900
361 474 417 519 et,
439 469 538 524 quia
558 469 779 512 consilium
798 485 884 512 non
904 476 981 521 est,
1003 476 1046 512 et
1066 471 1208 527 lingua
1228 472 1413 514 remissa.

363 558 472 585 unus
492 545 538 585 in
558 544 773 599 inspectus
794 559 933 586 rerum
951 545 1146 601 uiresque
1166 546 1364 601 loquendi

363 617 661 673 ingeniumque
681 633 818 674 capax
836 619 1062 674 uariasque
1082 620 1275 662 educitur
1295 627 1406 662 artes

363 691 430 734 hic
450 697 611 748 partus,
633 693 707 748 qui
726 698 880 735 cuncta
900 694 1007 749 regit
1027 709 1034 735 :
1072 694 1242 736 secessit
1261 695 1305 736 in
1324 696 1461 745 urbes,

363 766 553 808 edomuit
573 772 730 809 terram
750 768 805 809 ad
825 767 977 823 fruges,
999 768 1198 810 animalia
1218 769 1332 824 cepit

238 848 307 879 905
363 840 634 897 inposuitque
653 842 769 883 uiam
788 848 934 897 ponto,
956 843 1078 884 stetit
1098 857 1208 884 unus
1227 844 1271 885 in
1291 858 1430 885 arcem

198 983 227 1006 Π
248 975 323 1013 611,
346 984 383 1007 IV
404 976 480 1013 213,
503 976 568 1008 776
589 977 685 1017 (nam
707 985 745 1008 IV
765 978 807 1009 57
829 977 918 1009 caelo
938 978 1067 1018 qenitus
1089 978 1225 1019 aliaque
1247 978 1409 1020 ambigua
1430 981 1537 1019 sunt),
1559 979 1742 1012 substituit

196 1036 276 1059 cum
303 1027 378 1059 cod.
408 1027 506 1059 Bodl.
536 1028 815 1066 Bonincontrius,
843 1038 947 1070 quem
974 1033 1055 1061 ante
1082 1029 1250 1061 Iacobum
1277 1031 1381 1072 uulgo
1407 1032 1516 1063 secuti
1542 1035 1624 1063 sunt

244 1078 305 1110 897
330 1082 449 1110 cuncta
472 1079 615 1121 reliqua,
642 1083 682 1111 ut
707 1089 750 1111 111
775 1081 840 1112 278
864 1081 1024 1121 Laniyeri
1048 1081 1154 1120 sidus,
1180 1082 1266 1122 quod
1290 1086 1408 1114 cuncta
1433 1087 1624 1124 sequuntur,
1651 1083 1742 1116 Stat.

198 1129 306 1162 Theb.
330 1138 373 1161 111
395 1131 459 1162 417
482 1141 532 1172 sq.
557 1131 619 1163 illa
639 1131 772 1171 quidem
794 1133 922 1164 cunctis
943 1133 999 1164 sed
1020 1143 1088 1164 non
1110 1133 1170 1165 tibi
1192 1134 1294 1172 mitis,
1318 1134 1469 1172 Adraste,
1492 1133 1497 1178 Ι
1516 1134 1744 1176 Labdacioque

198 1181 286 1213 duci.
335 1181 412 1213 dico
434 1185 577 1224 propter
599 1183 797 1214 Bentleium
888 1184 951 1214 899
972 1184 1109 1216 hiatum
1131 1186 1298 1217 orationis
1320 1186 1512 1228 significaui
1602 1196 1743 1219 censum

199 1236 294 1271 GLM,
323 1243 447 1265 census
474 1233 549 1265 cod.
580 1234 745 1272 Venetus,
774 1245 881 1276 quam
914 1236 1149 1268 conjecturam
1182 1238 1324 1269 iterauit
1352 1237 1512 1276 Iacobus,
1541 1248 1658 1270 census
1685 1248 1749 1279 per

198 1288 292 1316 artus
308 1285 557 1326 interpretatus
577 1285 584 1298 ‘
599 1287 711 1317 omnis
728 1287 780 1318 uis
791 1287 826 1318 in
836 1297 977 1328 corpore
991 1289 1106 1329 posita
1116 1288 1124 1301 ³
1144 1298 1176 1329 p.
1190 1289 1254 1321 202
1345 1292 1446 1321 artus
1459 1289 1568 1327 GL2M,
1583 1294 1665 1322 artu
1678 1294 1701 1322 L

288 1335 439 1378 Scaliger
451 1347 530 1369 cum
544 1337 641 1369 Voss.
661 1338 700 1369 18
714 1338 859 1379 aliisque
872 1338 971 1370 codd.
987 1349 1071 1371 recc.
1087 1349 1266 1381 sensusque
1279 1339 1387 1378 dedit,
1402 1341 1580 1373 Bentleius
1592 1351 1744 1374 somnus-

198 1397 272 1428 que,
299 1389 358 1429 qui
386 1398 493 1430 quam
520 1390 731 1421 sententiam
758 1391 873 1421 uersui
899 1391 1008 1422 inesse
1037 1391 1211 1423 noluerint
1237 1402 1349 1433 neque
1375 1393 1441 1434 ipsi
1467 1392 1604 1425 disertis
1631 1393 1747 1425 uerbis

198 1439 395 1480 significant
412 1449 524 1481 neque
540 1450 603 1482 ego
621 1441 849 1473 coniectando
868 1443 1004 1483 assequi
1023 1452 1175 1484 possum.
1222 1453 1284 1485 per
1303 1444 1395 1475 enim
1413 1443 1562 1476 absurde
1581 1443 1744 1476 animalia

200 1500 308 1522 unam
336 1491 502 1532 quietem,
531 1502 640 1523 unum
668 1495 838 1530 uentrem,
868 1503 976 1524 unum
1004 1504 1066 1535 per
1093 1497 1190 1526 artus
1218 1504 1357 1526 sensum
1385 1505 1590 1527 somnumue
1618 1495 1745 1527 habere

200 1542 376 1581 dicuntur,
400 1543 527 1584 quibus
550 1553 661 1584 neque
684 1544 811 1576 similes
833 1545 924 1576 inter
945 1555 981 1576 se
1004 1548 1142 1577 uentres
1165 1550 1247 1578 sunt
1269 1556 1381 1588 neque
1404 1547 1500 1588 quies
1524 1547 1569 1579 ab
1591 1547 1746 1579 humana

199 1593 361 1632 diuersa;
400 1595 453 1626 sin
479 1595 526 1626 sic
553 1595 660 1627 uerba
687 1597 913 1638 accipiantur,
943 1596 1126 1629 ‘omnibus
1153 1607 1223 1629 una
1249 1599 1345 1639 quies
1371 1599 1407 1629 in
1433 1601 1555 1630 uentre
1581 1602 1617 1631 et
1642 1609 1745 1631 sensu

200 1645 271 1686 (uel
287 1647 424 1686 somno)
441 1656 502 1688 per
520 1649 618 1678 artus
635 1648 750 1688 posita
765 1648 847 1681 est'.
865 1658 935 1679 non
952 1649 1065 1680 minus
1083 1648 1271 1681 abhorrens
1288 1650 1353 1681 erit
1372 1650 1556 1688 sententia,
1574 1650 1744 1692 siquidem

199 1707 271 1728 non
285 1700 359 1728 tam
374 1698 500 1738 quietis
515 1701 637 1729 uenter
651 1708 758 1739 quam
771 1699 901 1740 passim
915 1699 982 1731 cibi
997 1700 1185 1741 quaerendi
1199 1710 1304 1732 causa
1317 1704 1370 1732 est
1384 1713 1393 1738 ;
1421 1711 1503 1732 nam
1517 1711 1579 1743 pro
1594 1701 1749 1733 beatitu-

199 1747 291 1786 dine,
317 1758 407 1789 quae
432 1748 517 1790 Fayi
543 1749 786 1791 interpretatio
811 1753 874 1788 est,
900 1751 994 1790 quies
1018 1761 1088 1782 non
1113 1751 1250 1783 dicitur.
1298 1752 1383 1783 mihi
1406 1752 1492 1784 iflud
1516 1762 1652 1785 censum
1676 1763 1745 1785 non

200 1799 411 1832 mutandum
429 1799 535 1832 fuisse
553 1800 693 1832 uidetur
710 1801 770 1832 sed
788 1812 851 1843 pro
870 1801 1026 1834 defectus
1043 1806 1079 1834 et
1098 1802 1268 1844 abruptae
1287 1804 1453 1835 orationis
1470 1803 1597 1836 indicio
1616 1804 1745 1837 haben-

200 1851 295 1883 dum.
345 1861 384 1882 ac
411 1852 561 1893 priorem
588 1852 729 1893 quidem
757 1863 895 1884 uersum
923 1854 970 1885 sic
996 1853 1066 1886 fere
1094 1854 1326 1886 decucurrisse
1354 1856 1564 1897 putauerim,
1591 1856 1747 1888 omnibus

200 1912 272 1934 una
300 1902 393 1942 quies
426 1903 622 1945 uenter<que
645 1914 816 1945 uenasque
838 1904 1028 1947 uoluptas),
1052 1905 1117 1937 hoc
1141 1909 1194 1937 est
1218 1906 1350 1938 nullam
1373 1909 1503 1939 norunt
1526 1906 1747 1949 uoluptatem

200 1957 339 1996 praeter
369 1964 528 1986 somnum
561 1954 750 1997 ingluuiem
781 1956 923 1988 coitum.
972 1956 1096 1989 deinde
1127 1957 1219 1989 hunc
1250 1958 1286 1989 in
1317 1957 1460 1990 modum
1491 1959 1586 2000 pergi
1616 1960 1745 2001 potuit,

201 2005 306 2048 <mole
324 2005 442 2037 ualens
461 2006 532 2038 sola
550 2008 692 2048 corpu-s>
711 2017 906 2048 censumque
924 2018 984 2048 per
1002 2012 1106 2046 artus,
1126 2012 1168 2040 ut
1185 2009 1337 2051 corporis
1356 2019 1478 2041 census
1498 2010 1745 2042 tantummodo

201 2058 238 2089 in
268 2057 432 2089 membris
463 2061 622 2090 constare
659 2059 842 2097 diceretur,
874 2060 1171 2101 quemadmodum
1203 2060 1329 2102 legitur
1363 2070 1406 2092 111
1436 2062 1500 2093 597
1531 2071 1581 2103 sq.
1615 2062 1752 2102 imaque

201 2109 342 2140 tricenos
377 2108 428 2140 bis
457 2109 682 2150 fundamenta
714 2121 782 2151 per
816 2121 937 2143 annos
958 2119 963 2154 Ι
983 2115 1183 2144 censentur
1217 2123 1280 2154 pro
1315 2112 1417 2144 solito
1454 2113 1610 2145 ablatiuo

247 2160 311 2191 900
332 2160 553 2202 interpunxit
576 2161 754 2194 Bentleius
846 2166 929 2200 quia
953 2167 1012 2201 GL,
1037 2173 1108 2201 qua
1131 2167 1164 2195 Μ
1254 2165 1337 2205 quia
1360 2163 1457 2196 deest
1479 2164 1528 2196 eis
1551 2164 1744 2202 consilium,

201 2214 386 2254 propterea
404 2213 512 2244 etiam
531 2212 650 2255 lingua
669 2214 811 2245 remissa
830 2217 883 2246 est
903 2224 942 2246 ac
963 2214 1084 2246 debilis
1104 2225 1262 2256 quaeque
1282 2215 1447 2256 loquendi
1465 2216 1597 2248 uiribus
1617 2219 1745 2248 careat.

202 2263 291 2296 Xen.
324 2273 426 2296 mem.
453 2273 467 2296 Ι
492 2266 513 2295 4
541 2265 580 2296 12
607 2267 658 2297 καὶ
682 2267 745 2304 μὴν
772 2268 922 2306 γλῶττάν
948 2279 987 2307 ’γε
1014 2269 1142 2298 πάντων
1167 2269 1231 2298 τῶν
1261 2267 1351 2308 ζῴων
1378 2269 1529 2307 ἐχόντων,
1557 2270 1657 2306 μόνην
1688 2270 1748 2306 τὴν

201 2317 264 2346 τῶν
291 2316 464 2356 ἀνθρώπων
491 2317 644 2355 ἐποίησαν
671 2318 763 2356 (θεοὶ)
787 2319 855 2348 οἵαν
877 2319 995 2349 ἄλλοτε
1018 2317 1152 2358 ἀλλαχῇ
1175 2320 1339 2359 ψαύουσαν
1355 2320 1411 2350 τοῦ
1426 2320 1589 2356 στόματοσ
1614 2320 1748 2359 ἀρθροῦν

201 2379 236 2397 τε
258 2368 316 2405 τὴν
351 2368 459 2406 φωνὴν
492 2369 544 2398 καὶ
576 2369 741 2406 σημαίνειν
767 2369 874 2399 πάντα
907 2370 1065 2407 ἀλλήλοισ·
1100 2372 1120 2400 ἃ,
1151 2370 1333 2409 βουλόμεθα
1459 2369 1521 2400 901
1548 2372 1585 2401 in
1610 2369 1747 2402 addidit

203 2417 382 2449 Bentleius
420 2421 456 2450 et
495 2421 585 2451 teste
624 2429 694 2450 non
733 2429 815 2451 sane
854 2419 1025 2462 locuplete
1064 2420 1219 2452 Breitero
1258 2420 1357 2452 codd.
1399 2420 1476 2452 Par.
1519 2423 1555 2453 et
1597 2421 1746 2459 Monac„

204 2478 272 2501 om.
296 2473 366 2507 LM,
390 2471 422 2503 et
444 2469 508 2501 ‹31ss
598 2469 662 2500 902
684 2470 747 2501 903
768 2471 1061 2513 interpunxerunt
1078 2471 1227 2503 Iacobus
1244 2475 1280 2503 et
1303 2471 1493 2504 Bechertus
1584 2481 1613 2505 Π
1640 2473 1747 2505 105-7

205 2519 373 2552 hominem·
389 2545 396 2552 .
416 2544 424 2552 .
443 2544 451 2552 .
469 2521 527 2553 cui
542 2545 550 2552 .
569 2545 577 2552 .
596 2545 604 2553 .
623 2524 746 2553 natura
787 2522 875 2554 dedit
917 2522 1130 2564 linquamque
1171 2533 1340 2564 capaxque
1361 2522 1365 2565 Ι
1386 2523 1560 2564 inqenium
1684 2524 1748 2555 903

207 2574 269 2610 qui
292 2575 419 2604 cuncta
448 2572 547 2604 codd.
574 2572 664 2604 Flor.
695 2576 731 2605 et
762 2573 874 2611 Bodl.,
906 2578 1116 2613 quicumque
1146 2578 1229 2607 GLM
1259 2574 1334 2607 cod.
1361 2575 1515 2607 Venetus
1605 2578 1749 2608 secessit

205 2622 306 2655 codd.
349 2623 438 2655 Flor.
476 2626 512 2656 et
549 2624 661 2662 Bodl.,
699 2627 749 2656 sic
785 2629 878 2657 esset
910 2629 979 2663 ΕΜ,
1004 2629 1034 2658 si
1067 2630 1180 2659 cesset
1212 2626 1287 2664 GL2,
1312 2627 1429 2658 omnia
1461 2629 1542 2668 post
1573 2627 1654 2667 reqit
1677 2636 1749 2658 om.

204 2674 281 2706 cod.
318 2674 473 2706 Venetus
562 2679 667 2708 urbes
697 2676 885 2715 Bentleius,
915 2681 1016 2710 orbes
1044 2680 1112 2715 ΒΜ,
1146 2681 1228 2710 orbe
1261 2681 1297 2715 G,
1326 2677 1434 2710 orbem
1461 2677 1536 2710 cod.
1568 2677 1657 2709 Flor.

252 2724 316 2755 904
332 2728 488 2758 edomuit
505 2729 576 2764 GM,
595 2730 631 2758 et
648 2729 784 2759 domuit
802 2731 825 2759 L
914 2727 976 2758 905
994 2738 1110 2760 arcem
1127 2728 1287 2770 Scaliger,
1306 2738 1385 2761 arce
1406 2728 1494 2760 libri.
1558 2727 1749 2770 Appuleius

211 2776 300 2808 Plat.
328 2785 341 2808 1
369 2777 408 2809 13
433 2776 518 2809 hanc
543 2778 799 2819 (rationabilem
817 2779 953 2811 animae
971 2781 1121 2822 partem)
1140 2780 1188 2812 ait
1203 2780 1346 2821 capitis
1371 2789 1493 2812 arcem
1516 2782 1621 2812 tenere
1644 2779 1749 2820 (Tim.
