1872 3183
183 138 237 177 70
771 139 832 181 M.
865 140 1118 182 MANILII

219 253 287 285 560
398 262 473 290 nec
493 263 579 290 non
598 249 896 304 Arquitenens,
916 250 1054 305 prima
1073 265 1170 292 cum
1191 257 1309 294 ueste
1329 250 1522 306 resurgit,

342 328 515 378 pectora
534 323 647 365 clara
666 323 788 365 dabit
807 324 931 374 bello,
953 325 1200 380 magnisque
1220 325 1448 381 triumphis

342 397 617 452 conspicuum
636 398 798 453 patrias
816 399 1023 441 uictorem
1044 399 1172 441 ducet
1191 400 1246 441 ad
1266 414 1394 450 arces,

343 470 515 526 altaque
534 486 646 514 nunc
667 477 831 515 statuet
850 487 962 515 nunc
982 473 1095 515 idem
1115 474 1281 516 moenia
1300 478 1455 516 uertet.

343 545 416 587 sed
435 545 614 588 nimium
633 546 855 602 indulgens
873 548 998 590 rebus
1017 548 1209 590 Fortuna
1227 548 1421 590 secundis

218 625 287 657 565
342 619 507 662 inuidet
527 622 571 662 in
591 621 699 663 facie
719 622 941 677 saeuitque
962 623 1192 677 asperrima
1211 622 1355 664 fronti.

342 693 575 736 horrendus
594 695 704 737 bello
724 696 920 738 Trebiam
940 697 1193 752 Cannasque
1211 697 1436 752 lacumque

341 774 441 810 ante
460 769 606 824 fugam
626 770 703 812 tali
722 770 932 826 pensabat
951 771 1134 827 imagine
1153 772 1303 814 uictor.

394 843 570 886 ultimus
589 844 633 886 in
652 845 814 887 caudae
833 846 1112 901 Capricornus
1132 847 1325 888 acumine
1345 860 1511 888 summo

340 917 536 960 militiam
556 919 600 960 in
618 925 752 975 ponto
772 920 910 962 dictat
929 921 1169 976 puppisque
1188 921 1388 962 colendae

174 1093 300 1134 phaen.
325 1095 401 1133 306,
425 1095 547 1127 Auien.
572 1096 669 1128 Arat.
697 1099 794 1135 1145,
817 1101 854 1129 et
875 1098 1056 1136 unoculus,
1080 1098 1172 1130 Man.
1200 1107 1229 1130 11
1254 1099 1329 1131 260.
1376 1108 1447 1131 11011
1472 1097 1653 1130 dissimilia
1677 1097 1722 1129 de

175 1146 262 1186 signi
281 1150 381 1187 parte
399 1155 479 1178 XXI]
499 1147 668 1180 Firmicus
687 1149 798 1180 tradit
817 1158 884 1181 VJ11
904 1151 945 1181 27
966 1151 985 1182 7
1005 1154 1042 1181 et
1061 1151 1100 1182 31
1124 1152 1154 1188 7,
1176 1151 1236 1181 erit
1254 1160 1397 1190 maynus
1412 1153 1530 1190 potens
1546 1173 1554 1182 .
1574 1174 1581 1181 .
1601 1173 1608 1181 .
1627 1149 1722 1181 ducet

174 1197 351 1229 exercitam
367 1199 520 1238 peditum
539 1203 635 1240 atque
654 1201 801 1240 equitum
818 1225 824 1232 .
844 1225 852 1232 .
872 1225 879 1232 .
900 1202 960 1232 erit
979 1202 1084 1233 uictor
1104 1202 1141 1233 in
1160 1201 1315 1233 omnibus
1331 1201 1472 1242 proeliis
1488 1226 1495 1233 .
1514 1225 1523 1233 .
1541 1225 1549 1233 .
1568 1201 1723 1233 ciuitates

173 1258 251 1279 uero
269 1249 358 1280 alias
375 1251 584 1289 restaurabit,
603 1251 692 1283 alias
710 1255 828 1283 euertat
844 1277 852 1284 .
871 1276 878 1284 .
898 1277 905 1284 .
925 1253 981 1284 sed
999 1263 1116 1284 ‘tereres
1135 1263 1246 1285 eorum
1264 1254 1303 1284 in
1320 1253 1517 1284 necessariis
1534 1252 1616 1284 locis
1632 1252 1722 1284 uitia

173 1299 336 1332 habebant
364 1301 418 1332 uel
445 1302 614 1334 cicatrices
704 1303 768 1334 560
793 1304 909 1343 prima
936 1308 1025 1336 ueste
1053 1305 1204 1345 resurqit,
1233 1305 1420 1346 primorem
1448 1307 1583 1336 uestem
1611 1303 1721 1335 habet

172 1351 208 1383 in
231 1351 423 1391 horizonte,
448 1363 538 1394 quae
561 1355 669 1386 uestis
692 1355 728 1386 in
751 1365 822 1386 non
844 1356 948 1387 nullis
971 1357 1057 1397 signi
1082 1356 1292 1398 imaginibus
1315 1357 1539 1398 conspicitur,
1563 1355 1662 1387 uelut
1683 1356 1721 1386 in

173 1413 345 1435 marmore
373 1404 493 1436 Attico
526 1405 634 1437 Thiel.
662 1406 782 1437 Antik.
815 1407 1070 1439 Himmelsbild.
1102 1418 1135 1449 p.
1164 1409 1216 1440 58.
1266 1410 1428 1448 ἐφαπτίδα
1452 1407 1607 1449 appellat
1633 1406 1720 1448 Hip-

172 1455 322 1496 parchus
340 1464 368 1486 Π
385 1457 405 1487 5
426 1457 477 1494 16,
496 1465 539 1488 111
557 1458 577 1487 2
598 1458 627 1494 1,
645 1459 666 1488 4
684 1458 725 1495 ὃς
754 1457 843 1489 Ptol.
864 1462 943 1490 tetr.
963 1469 996 1500 p.
1013 1461 1032 1490 7
1052 1462 1080 1491 οἱ
1098 1463 1130 1491 ἐν
1147 1462 1221 1491 ταῖσ
1239 1461 1392 1498 ἐφαπτίσι
1409 1459 1471 1499 (sio
1488 1458 1542 1490 ed.
1561 1468 1616 1489 an.
1634 1458 1720 1490 1553

171 1516 205 1547 p.
231 1507 285 1545 25,
311 1509 437 1548 πτέρυξι
462 1507 515 1539 ed.
542 1509 641 1548 1535)
664 1512 717 1540 καὶ
740 1510 785 1550 τῷ
807 1512 895 1550 νώτῳ
910 1513 1087 1552 (ἀστέρεσ),
1105 1511 1211 1542 schol.
1229 1521 1262 1552 p.
1282 1512 1324 1543 70
1343 1510 1397 1542 ed.
1417 1510 1521 1542 Basil.
1546 1511 1562 1542 ὁ
1580 1512 1721 1549 Τοξότησ

173 1561 433 1599 καταστερίζεται
467 1562 549 1599 ἔχων
582 1562 618 1592 τὸ
652 1562 749 1601 δέρμα
782 1563 834 1593 ἐπὶ
861 1564 923 1593 τῶν
956 1565 1047 1601 ὤμων
1080 1564 1255 1601 ἱπτάμενον
1345 1562 1487 1602 resuryit
1510 1561 1661 1593 Iacobus
1683 1561 1721 1593 in

170 1613 314 1650 resumet
330 1611 486 1642 mutauit
502 1614 670 1652 sequente
687 1612 957 1654 Wageningeno,
975 1623 1124 1654 quorum
1142 1617 1261 1645 tamen
1277 1616 1401 1645 neuter
1418 1616 1481 1644 aut
1497 1614 1562 1644 525
1576 1611 1721 1654 proferet

169 1663 311 1702 teyetque
330 1665 392 1693 aut
410 1663 476 1694 572
495 1662 595 1694 exibit
613 1663 835 1695 scribendum
853 1664 965 1696 duxit.
1014 1665 1253 1706 exemplorum
1271 1665 1357 1697 satis
1375 1664 1421 1696 ad
1437 1673 1467 1696 Π
1485 1665 1550 1696 256
1567 1667 1604 1696 et
1621 1673 1636 1695 1
1653 1664 1719 1696 469

169 1712 291 1754 collegi
382 1713 443 1744 561
465 1713 568 1752 dabit,
589 1714 625 1745 id
646 1718 699 1746 est
720 1715 863 1753 creabit,
883 1719 1017 1755 pectora
1037 1716 1118 1748 bello
1137 1716 1230 1748 clara
1319 1716 1383 1748 562
1404 1719 1508 1748 ducet
1528 1719 1600 1753 GM,
1621 1718 1721 1748 ducit

171 1767 195 1795 L
284 1764 416 1803 patrias
440 1775 543 1803 arcae,
570 1765 668 1797 uelut
694 1766 917 1807 Capitolium,
944 1767 1038 1809 quod
1063 1778 1134 1799 non
1158 1767 1332 1800 intellexit
1357 1767 1547 1809 Pingraeus
1569 1767 1720 1807 patriam

169 1816 433 1856 interpretatus.
482 1816 583 1848 Ouid.
605 1827 647 1848 ex
667 1817 768 1849 Pont.
790 1827 819 1849 11
840 1820 854 1849 1
877 1820 918 1850 57
938 1829 988 1860 sq.
1010 1822 1038 1850 te
1056 1829 1183 1860 quoque
1200 1819 1358 1851 uictorem
1378 1819 1546 1859 Tarpeias
1563 1818 1721 1851 scandere

171 1866 208 1897 in
227 1876 318 1898 arces
339 1865 344 1909 Ι
363 1867 451 1898 laeta
468 1868 634 1899 coronatis
650 1867 757 1900 Roma
770 1869 896 1901 uidebit
910 1870 1002 1910 equis
1094 1871 1155 1901 563
1171 1874 1308 1903 statuet
1326 1894 1334 1903 .
1353 1894 1362 1902 .
1381 1894 1389 1902 .
1405 1873 1524 1902 uertet
1537 1873 1573 1906 G,
1588 1872 1720 1902 statuit

171 1942 180 1950 .
200 1942 208 1950 .
227 1942 235 1950 .
251 1922 364 1950 uertit
381 1922 438 1950 LM
461 1919 536 1950 cod.
562 1919 727 1951 Venetus.
775 1924 911 1952 statuet
934 1924 1118 1962 uertetque
1141 1932 1266 1964 nempe
1289 1922 1349 1963 qui
1372 1924 1449 1953 tum
1472 1924 1578 1953 natus
1599 1920 1719 1959 fuerit,

168 1969 211 2000 de
222 1979 292 2010 quo
302 1969 468 2011 loquendi
477 1981 600 2012 genere
611 1971 684 2003 dixi
695 1971 740 2003 ad
754 1973 816 2004 149
907 1973 1057 2004 564-567
1069 1976 1161 2004 recte
1172 1974 1349 2005 enarrauit
1360 1973 1522 2004 Huetius.
1548 1972 1719 2010 Fortuna,

169 2021 236 2052 etsi
251 2021 354 2053 huius
370 2022 435 2053 uiri
451 2022 666 2054 successibus
682 2023 760 2064 plus
777 2034 889 2064 aequo
904 2024 1013 2062 fauet,
1030 2024 1166 2056 inuidet
1181 2024 1293 2056 eidem
1308 2026 1344 2056 in
1359 2024 1448 2056 faeie
1463 2027 1500 2056 et
1514 2024 1551 2055 in
1565 2023 1720 2056 frontem

168 2073 243 2104 eius
262 2074 375 2104 saeuit
391 2085 398 2105 :
430 2073 494 2105 tali
512 2074 674 2116 imagine,
695 2075 805 2106 altero
824 2076 924 2107 oculo
944 2077 1083 2113 amisso,
1103 2076 1265 2108 Trebiam
1285 2076 1422 2108 Cannas
1440 2076 1720 2108 Trasumennum

170 2124 344 2165 pensabat
359 2125 539 2157 Hannibal
553 2126 589 2157 in
603 2127 680 2167 ipso
695 2127 862 2158 uictoriae
878 2137 980 2159 cursu
995 2127 1145 2159 necdum
1160 2128 1266 2159 Italia
1281 2128 1401 2170 pulsus
1492 2127 1556 2158 564
1569 2127 1719 2159 nimium

169 2175 254 2207 elisa
271 2175 378 2214 finali,
397 2176 457 2208 ubi
475 2177 559 2218 poni
576 2178 695 2219 potuit
712 2178 828 2216 nimi&
849 2179 943 2220 apud
961 2179 1171 2211 cultissimos
1189 2180 1344 2221 optimae
1362 2179 1489 2211 aetatis
1506 2181 1630 2220 poetas
1647 2188 1719 2210 non

168 2227 299 2266 inueni,
317 2227 377 2259 sed
395 2227 479 2259 Hor.
498 2238 598 2260 serm.
617 2237 646 2260 11
663 2230 683 2260 5
700 2230 742 2260 88
759 2230 845 2269 quod
861 2230 1009 2262 nimium
1025 2231 1201 2268 institerat,
1218 2230 1321 2262 Aetn.
1340 2231 1405 2262 540
1421 2239 1481 2261 seu
1495 2229 1644 2261 nimium
1660 2229 1719 2261 hoc

170 2278 306 2317 mirum,
331 2278 409 2312 Sen.
435 2279 513 2311 Tro.
540 2281 606 2311 264
629 2290 680 2321 sq.
709 2281 815 2312 Troia
838 2291 899 2313 7203
922 2282 1069 2313 tumidos
1086 2281 1174 2323 facit
1195 2280 1200 2325 Ι
1219 2282 1367 2314 nimium
1390 2291 1428 2313 ac
1446 2280 1596 2322 ferocem
1632 2290 1717 2313 nam

169 2330 348 2362 nimiumst
367 2331 446 2362 ciris
461 2331 526 2363 486
542 2335 578 2363 et
595 2331 696 2364 Ouid.
714 2342 757 2364 ex
774 2332 876 2364 Pont.
894 2342 907 2364 1
924 2334 944 2365 8
960 2334 999 2365 71
1018 2333 1257 2375 seponendum
1272 2336 1325 2365 est
1416 2333 1477 2364 565
1494 2336 1584 2365 facie
1605 2332 1717 2369 GL²M‚

169 2384 296 2413 faciem
318 2385 342 2413 L
431 2385 627 2421 asperrima
649 2387 686 2420 G,
716 2388 895 2422 asperima
921 2388 956 2422 L,
984 2388 1205 2424 adsperrima
1231 2389 1265 2417 M
1349 2383 1470 2425 fronti,
1497 2384 1556 2416 Sil.
1584 2392 1623 2416 IV
1652 2384 1718 2416 755

170 2443 221 2474 sq.
243 2433 453 2474 (Hannibal)
471 2444 539 2465 ηοη
552 2434 679 2476 frontis
694 2436 806 2475 parcit
824 2435 943 2468 honori
964 2434 968 2479 Ι
988 2437 1068 2468 dum
1086 2447 1128 2468 ne
1145 2436 1263 2476 perdat
1279 2436 1342 2468 iter
1431 2436 1495 2467 566
1517 2445 1649 2468 cannas
1667 2436 1717 2473 L²‚

169 2494 277 2517 canas
302 2489 337 2522 L,
363 2495 471 2517 cauas
496 2489 542 2523 Μ,
566 2496 678 2518 annas
703 2487 933 2528 praecedente
966 2489 1068 2519 unius
1100 2488 1239 2520 litterae
1272 2488 1387 2529 spatio
1413 2491 1439 2519 G
1527 2491 1644 2520 lacum
1669 2491 1716 2525 n,

168 2540 284 2568 locum
316 2540 366 2569 GL
455 2537 517 2568 567
542 2537 604 2569 tali
628 2538 786 2579 imaqine,
812 2539 890 2570 qu.
916 2548 941 2570 x
969 2541 1030 2571 157
1057 2549 1107 2580 sq.
1134 2549 1153 2570 ο
1178 2539 1289 2579 qualis
1307 2538 1417 2580 facies
1442 2541 1471 2570 et
1494 2538 1590 2579 quali
1612 2538 1717 2579 diqna

167 2586 300 2625 tabella,
322 2585 327 2630 Ι
346 2596 422 2618 cum
460 2587 602 2619 Gaetula
639 2589 754 2620 ducem
791 2592 935 2629 portaret
972 2590 1069 2621 belua
1105 2590 1236 2621 luscum
1327 2589 1478 2621 568-570
1516 2589 1716 2631 Capricorni

170 2642 270 2680 parte
292 2639 428 2677 ultima,
451 2639 487 2670 in
510 2649 581 2681 qua
601 2640 715 2671 cauda
736 2644 894 2672 extrema
914 2642 1018 2682 piscis
1040 2644 1104 2679 est,
1128 2642 1260 2673 oriente
1282 2643 1476 2672 nascuntur
1495 2643 1626 2672 nautae

215 2690 276 2721 568
295 2700 431 2723 summo
449 2690 524 2728 GL2,
544 2701 698 2723 summos
716 2695 786 2725 LM.
832 2702 973 2731 sumam,
992 2695 1161 2730 extremo,
1185 2696 1226 2724 ut
1249 2701 1277 2724 11
1300 2693 1376 2730 324,
1396 2693 1473 2730 325,
1492 2700 1531 2723 rv
1553 2692 1629 2728 353,
1649 2692 1714 2723 357

259 2741 322 2772 569
339 2745 507 2774 militiam
523 2745 561 2774 in
579 2742 629 2780 L2,
646 2746 798 2775 militiae
816 2747 854 2775 in
871 2747 940 2781 LM,
954 2744 1121 2776 militiam
1141 2748 1177 2781 G,
1191 2747 1298 2785 atque
1315 2745 1367 2775 ita
1385 2743 1535 2784 Scaliger
1552 2745 1588 2773 et
1607 2742 1714 2774 Bent-

168 2791 254 2823 leius
269 2804 277 2830 ;
305 2793 365 2824 sed
379 2794 427 2825 sic
440 2794 673 2835 requireretur
686 2794 785 2826 uelut
798 2795 956 2827 militiam
972 2795 1093 2828 indicit
1105 2799 1217 2835 ponto,
1232 2805 1345 2836 neque
1358 2795 1451 2826 enim
1464 2795 1574 2835 ponto
1587 2793 1715 2825 milit-ia

167 2843 324 2875 dictatur
362 2844 421 2876 sed
459 2845 694 2878 nascentibus.
742 2856 855 2887 neque
891 2847 1001 2888 magis
1039 2847 1250 2888 Scaligerum
1288 2856 1413 2887 sequor
1451 2844 1611 2877 militiam
1648 2855 1713 2887 pro
