<?xml version="1.0" encoding="UTF-8"?>
<!DOCTYPE html PUBLIC "-//W3C//DTD XHTML 1.0 Transitional//EN"
    "http://www.w3.org/TR/xhtml1/DTD/xhtml1-transitional.dtd">
<html xmlns="http://www.w3.org/1999/xhtml" xml:lang="en" lang="en">
 <head>
  <title>
</title>
<meta http-equiv="Content-Type" content="text/html;charset=utf-8" />
  <meta name='ocr-system' content='tesseract 3.04.00' />
  <meta name='ocr-capabilities' content='ocr_page ocr_carea ocr_par ocr_line ocrx_word'/>
</head>
<body>
  <div class='ocr_page' id='page_1' title='image "astronomiconrece04maniuoft_0060.png"; bbox 0 0 1872 3183; ppageno 0'>
   <div class='ocr_carea' id='block_1_1' title="bbox 161 133 1096 177">
    <p class='ocr_par' dir='ltr' id='par_1_1' title="bbox 161 133 1096 177">
     <span class='ocr_line' id='line_1_1' title="bbox 161 133 1096 177; baseline -0.002 0"><span class='ocrx_word' id='word_1_1' title='bbox 161 137 216 177; x_wconf 88' lang='lat'>34</span> <span class='ocrx_word' id='word_1_2' title='bbox 749 133 812 177; x_wconf 90' lang='lat' dir='ltr'>M.</span> <span class='ocrx_word' id='word_1_3' title='bbox 845 134 1096 176; x_wconf 88' lang='lat' dir='ltr'>MANILII</span> 
     </span>
    </p>
   </div>
   <div class='ocr_carea' id='block_1_2' title="bbox 193 245 1649 897">
    <p class='ocr_par' dir='ltr' id='par_1_2' title="bbox 193 245 1649 897">
     <span class='ocr_line' id='line_1_2' title="bbox 194 245 1649 299; baseline 0.002 -17"><span class='ocrx_word' id='word_1_4' title='bbox 194 250 281 283; x_wconf 61' lang='lat'>257³</span> <span class='ocrx_word' id='word_1_5' title='bbox 322 259 440 287; x_wconf 91' lang='lat' dir='ltr'>mens</span> <span class='ocrx_word' id='word_1_6' title='bbox 459 249 606 294; x_wconf 82' lang='lat' dir='ltr'>natat3</span> <span class='ocrx_word' id='word_1_7' title='bbox 629 249 673 286; x_wconf 90' lang='lat' dir='ltr'>et</span> <span class='ocrx_word' id='word_1_8' title='bbox 694 245 699 299; x_wconf 89' lang='grc' dir='ltr'>Ι</span> <span class='ocrx_word' id='word_1_9' title='bbox 719 245 870 287; x_wconf 89' lang='lat' dir='ltr'>Veneri</span> <span class='ocrx_word' id='word_1_10' title='bbox 889 245 1024 286; x_wconf 78' lang='lat' dir='ltr'>mixto</span> <span class='ocrx_word' id='word_1_11' title='bbox 1044 259 1142 287; x_wconf 90' lang='lat' dir='ltr'>cum</span> <span class='ocrx_word' id='word_1_12' title='bbox 1160 245 1332 287; x_wconf 89' lang='lat' dir='ltr'>crimine</span> <span class='ocrx_word' id='word_1_13' title='bbox 1352 245 1483 288; x_wconf 82' lang='lat' dir='ltr'>seruit</span> <span class='ocrx_word' id='word_1_14' title='bbox 1556 245 1649 285; x_wconf 64' lang='lat'>2581&gt;</span> 
     </span>
     <span class='ocr_line' id='line_1_3' title="bbox 194 319 1648 376; baseline 0.001 -18"><span class='ocrx_word' id='word_1_15' title='bbox 194 326 281 358; x_wconf 75' lang='lat' dir='ltr'>258a</span> <span class='ocrx_word' id='word_1_16' title='bbox 321 334 418 376; x_wconf 90' lang='lat' dir='ltr'>pars</span> <span class='ocrx_word' id='word_1_17' title='bbox 437 320 562 376; x_wconf 89' lang='lat' dir='ltr'>prior,</span> <span class='ocrx_word' id='word_1_18' title='bbox 585 324 630 361; x_wconf 88' lang='lat' dir='ltr'>at</span> <span class='ocrx_word' id='word_1_19' title='bbox 652 319 657 374; x_wconf 89' lang='grc' dir='ltr'>Ι</span> <span class='ocrx_word' id='word_1_20' title='bbox 678 319 822 361; x_wconf 89' lang='lat' dir='ltr'>melior</span> <span class='ocrx_word' id='word_1_21' title='bbox 842 321 986 362; x_wconf 91' lang='lat' dir='ltr'>iuncto</span> <span class='ocrx_word' id='word_1_22' title='bbox 1006 320 1084 361; x_wconf 90' lang='lat' dir='ltr'>sub</span> <span class='ocrx_word' id='word_1_23' title='bbox 1104 320 1216 375; x_wconf 89' lang='lat' dir='ltr'>pisce</span> <span class='ocrx_word' id='word_1_24' title='bbox 1236 325 1405 362; x_wconf 84' lang='lat' dir='ltr'>senecta</span> <span class='ocrx_word' id='word_1_25' title='bbox 1424 325 1500 363; x_wconf 87' lang='lat' dir='ltr'>est.</span> <span class='ocrx_word' id='word_1_26' title='bbox 1557 320 1648 360; x_wconf 76' lang='lat' dir='ltr'>257b</span> 
     </span>
     <span class='ocr_line' id='line_1_4' title="bbox 372 394 1403 450; baseline 0.002 -15"><span class='ocrx_word' id='word_1_27' title='bbox 372 394 440 436; x_wconf 92' lang='lat' dir='ltr'>ille</span> <span class='ocrx_word' id='word_1_28' title='bbox 460 408 642 450; x_wconf 88' lang='lat' dir='ltr'>quoque,</span> <span class='ocrx_word' id='word_1_29' title='bbox 663 394 817 435; x_wconf 78' lang='lat' dir='ltr'>inflexa</span> <span class='ocrx_word' id='word_1_30' title='bbox 838 394 1000 436; x_wconf 82' lang='lat' dir='ltr'>fontem</span> <span class='ocrx_word' id='word_1_31' title='bbox 1021 394 1094 449; x_wconf 83' lang='lat' dir='ltr'>qui</span> <span class='ocrx_word' id='word_1_32' title='bbox 1113 394 1264 450; x_wconf 87' lang='lat' dir='ltr'>proicit</span> <span class='ocrx_word' id='word_1_33' title='bbox 1283 409 1403 445; x_wconf 83' lang='lat' dir='ltr'>urna,</span> 
     </span>
     <span class='ocr_line' id='line_1_5' title="bbox 195 468 1311 524; baseline 0.003 -16"><span class='ocrx_word' id='word_1_34' title='bbox 195 475 264 508; x_wconf 84' lang='lat'>260</span> <span class='ocrx_word' id='word_1_35' title='bbox 319 473 522 524; x_wconf 83' lang='lat' dir='ltr'>cognatas</span> <span class='ocrx_word' id='word_1_36' title='bbox 541 468 693 511; x_wconf 88' lang='lat' dir='ltr'>tribuit</span> <span class='ocrx_word' id='word_1_37' title='bbox 713 468 919 511; x_wconf 88' lang='lat' dir='ltr'>iuuenalis</span> <span class='ocrx_word' id='word_1_38' title='bbox 939 468 1152 524; x_wconf 83' lang='lat' dir='ltr'><strong>Aquarius</strong></span> <span class='ocrx_word' id='word_1_39' title='bbox 1171 474 1282 511; x_wconf 86' lang='lat' dir='ltr'>artes</span> <span class='ocrx_word' id='word_1_40' title='bbox 1303 485 1311 511; x_wconf 90' lang='lat'>:</span> 
     </span>
     <span class='ocr_line' id='line_1_6' title="bbox 319 543 1267 593; baseline 0 -8"><span class='ocrx_word' id='word_1_41' title='bbox 319 557 486 586; x_wconf 86' lang='lat' dir='ltr'>cernere</span> <span class='ocrx_word' id='word_1_42' title='bbox 505 543 585 585; x_wconf 90' lang='lat' dir='ltr'>sub</span> <span class='ocrx_word' id='word_1_43' title='bbox 604 543 726 585; x_wconf 89' lang='lat' dir='ltr'>terris</span> <span class='ocrx_word' id='word_1_44' title='bbox 744 543 894 593; x_wconf 91' lang='lat' dir='ltr'>undas,</span> <span class='ocrx_word' id='word_1_45' title='bbox 916 543 1113 585; x_wconf 86' lang='lat' dir='ltr'>inducere</span> <span class='ocrx_word' id='word_1_46' title='bbox 1133 544 1267 593; x_wconf 87' lang='lat' dir='ltr'>terris,</span> 
     </span>
     <span class='ocr_line' id='line_1_7' title="bbox 319 617 1315 674; baseline 0.001 -15"><span class='ocrx_word' id='word_1_47' title='bbox 319 618 495 674; x_wconf 84' lang='lat' dir='ltr'>ipsaque</span> <span class='ocrx_word' id='word_1_48' title='bbox 514 617 725 660; x_wconf 88' lang='lat' dir='ltr'>conuersis</span> <span class='ocrx_word' id='word_1_49' title='bbox 745 632 961 673; x_wconf 81' lang='lat' dir='ltr'>aspergere</span> <span class='ocrx_word' id='word_1_50' title='bbox 982 618 1181 660; x_wconf 88' lang='lat' dir='ltr'>fluctibus</span> <span class='ocrx_word' id='word_1_51' title='bbox 1201 624 1315 660; x_wconf 87' lang='lat' dir='ltr'>astra</span> 
     </span>
     <span class='ocr_line' id='line_1_8' title="bbox 319 692 1359 749; baseline 0.001 -15"><span class='ocrx_word' id='word_1_52' title='bbox 319 692 596 749; x_wconf 85' lang='lat' dir='ltr'>litoribusque</span> <span class='ocrx_word' id='word_1_53' title='bbox 615 692 737 734; x_wconf 89' lang='lat' dir='ltr'>nouis</span> <span class='ocrx_word' id='word_1_54' title='bbox 756 707 830 748; x_wconf 89' lang='lat' dir='ltr'>per</span> <span class='ocrx_word' id='word_1_55' title='bbox 849 692 998 734; x_wconf 81' lang='lat' dir='ltr'>luxum</span> <span class='ocrx_word' id='word_1_56' title='bbox 1017 692 1205 734; x_wconf 84' lang='lat' dir='ltr'>inludere</span> <span class='ocrx_word' id='word_1_57' title='bbox 1224 698 1359 749; x_wconf 91' lang='lat' dir='ltr'>ponto</span> 
     </span>
     <span class='ocr_line' id='line_1_9' title="bbox 319 766 1260 809; baseline 0.001 -1"><span class='ocrx_word' id='word_1_58' title='bbox 319 771 362 808; x_wconf 91' lang='lat' dir='ltr'>et</span> <span class='ocrx_word' id='word_1_59' title='bbox 382 767 521 809; x_wconf 90' lang='lat' dir='ltr'>uarios</span> <span class='ocrx_word' id='word_1_60' title='bbox 542 767 747 809; x_wconf 81' lang='lat' dir='ltr'>fabricare</span> <span class='ocrx_word' id='word_1_61' title='bbox 768 766 882 809; x_wconf 88' lang='lat' dir='ltr'>lacus</span> <span class='ocrx_word' id='word_1_62' title='bbox 903 772 946 809; x_wconf 91' lang='lat' dir='ltr'>et</span> <span class='ocrx_word' id='word_1_63' title='bbox 966 767 1142 809; x_wconf 86' lang='lat' dir='ltr'>flumina</span> <span class='ocrx_word' id='word_1_64' title='bbox 1161 768 1260 809; x_wconf 88' lang='lat' dir='ltr'>ficta</span> 
     </span>
     <span class='ocr_line' id='line_1_10' title="bbox 193 841 1328 897; baseline 0.004 -17"><span class='ocrx_word' id='word_1_65' title='bbox 193 848 263 880; x_wconf 85' lang='lat'>265</span> <span class='ocrx_word' id='word_1_66' title='bbox 320 846 363 883; x_wconf 94' lang='lat' dir='ltr'>et</span> <span class='ocrx_word' id='word_1_67' title='bbox 381 841 695 897; x_wconf 85' lang='lat' dir='ltr'>peregrinantes</span> <span class='ocrx_word' id='word_1_68' title='bbox 715 841 911 884; x_wconf 83' lang='lat' dir='ltr'>domibus</span> <span class='ocrx_word' id='word_1_69' title='bbox 930 841 1183 897; x_wconf 80' lang='lat' dir='ltr'>suspendere</span> <span class='ocrx_word' id='word_1_70' title='bbox 1203 842 1328 884; x_wconf 86' lang='lat' dir='ltr'>riuos.</span> 
     </span>
    </p>
   </div>
   <div class='ocr_carea' id='block_1_3' title="bbox 148 994 1705 2890">
    <p class='ocr_par' dir='ltr' id='par_1_3' title="bbox 148 994 1705 2890">
     <span class='ocr_line' id='line_1_11' title="bbox 152 994 1699 1033; baseline 0.001 -7"><span class='ocrx_word' id='word_1_71' title='bbox 152 998 209 1027; x_wconf 85' lang='lat' dir='ltr'>hic</span> <span class='ocrx_word' id='word_1_72' title='bbox 240 999 335 1033; x_wconf 83' lang='lat' dir='ltr'>GLM,</span> <span class='ocrx_word' id='word_1_73' title='bbox 367 999 417 1027; x_wconf 88' lang='lat' dir='ltr'>sic</span> <span class='ocrx_word' id='word_1_74' title='bbox 447 994 523 1027; x_wconf 90' lang='lat' dir='ltr'>cod.</span> <span class='ocrx_word' id='word_1_75' title='bbox 548 995 703 1028; x_wconf 88' lang='lat' dir='ltr'>Venetus</span> <span class='ocrx_word' id='word_1_76' title='bbox 793 998 973 1028; x_wconf 77' lang='lat' dir='ltr'>mobilitas</span> <span class='ocrx_word' id='word_1_77' title='bbox 1010 999 1055 1032; x_wconf 88' lang='grc' dir='ltr'>Μ,</span> <span class='ocrx_word' id='word_1_78' title='bbox 1087 999 1256 1028; x_wconf 77' lang='lat' dir='ltr'>nobilitas</span> <span class='ocrx_word' id='word_1_79' title='bbox 1281 999 1330 1027; x_wconf 81' lang='lat' dir='ltr'>GL</span> <span class='ocrx_word' id='word_1_80' title='bbox 1420 1000 1561 1028; x_wconf 84' lang='lat' dir='ltr'>mutata</span> <span class='ocrx_word' id='word_1_81' title='bbox 1596 995 1699 1028; x_wconf 68' lang='lat' dir='ltr'>codd,</span> 
     </span>
     <span class='ocr_line' id='line_1_12' title="bbox 150 1047 1697 1089; baseline 0.002 -11"><span class='ocrx_word' id='word_1_82' title='bbox 150 1047 242 1079; x_wconf 89' lang='lat' dir='ltr'>Flor.</span> <span class='ocrx_word' id='word_1_83' title='bbox 270 1050 306 1079; x_wconf 90' lang='lat' dir='ltr'>et</span> <span class='ocrx_word' id='word_1_84' title='bbox 334 1047 447 1085; x_wconf 89' lang='lat' dir='ltr'>Bodl.‚</span> <span class='ocrx_word' id='word_1_85' title='bbox 473 1052 639 1080; x_wconf 83' lang='lat' dir='ltr'>mutuata</span> <span class='ocrx_word' id='word_1_86' title='bbox 665 1051 748 1079; x_wconf 64' lang='grc' dir='ltr'>ΘΒΜ</span> <span class='ocrx_word' id='word_1_87' title='bbox 839 1048 901 1079; x_wconf 82' lang='lat'>257</span> <span class='ocrx_word' id='word_1_88' title='bbox 928 1048 991 1078; x_wconf 85' lang='grc'>258</span> <span class='ocrx_word' id='word_1_89' title='bbox 1019 1056 1183 1080; x_wconf 86' lang='lat' dir='ltr'>uersuum</span> <span class='ocrx_word' id='word_1_90' title='bbox 1210 1047 1399 1089; x_wconf 84' lang='lat' dir='ltr'>particulas</span> <span class='ocrx_word' id='word_1_91' title='bbox 1427 1051 1552 1080; x_wconf 85' lang='lat' dir='ltr'>melior</span> <span class='ocrx_word' id='word_1_92' title='bbox 1577 1052 1697 1081; x_wconf 85' lang='lat' dir='ltr'>iuncto</span> 
     </span>
     <span class='ocr_line' id='line_1_13' title="bbox 150 1099 1699 1141; baseline 0.001 -11"><span class='ocrx_word' id='word_1_93' title='bbox 150 1103 216 1130; x_wconf 88' lang='lat' dir='ltr'>sub</span> <span class='ocrx_word' id='word_1_94' title='bbox 238 1102 333 1137; x_wconf 84' lang='lat' dir='ltr'>pisce</span> <span class='ocrx_word' id='word_1_95' title='bbox 355 1103 497 1131; x_wconf 81' lang='lat' dir='ltr'>senecta</span> <span class='ocrx_word' id='word_1_96' title='bbox 514 1103 568 1131; x_wconf 86' lang='lat' dir='ltr'>est</span> <span class='ocrx_word' id='word_1_97' title='bbox 585 1102 621 1130; x_wconf 89' lang='lat' dir='ltr'>et</span> <span class='ocrx_word' id='word_1_98' title='bbox 643 1102 768 1131; x_wconf 86' lang='lat' dir='ltr'>Veneri</span> <span class='ocrx_word' id='word_1_99' title='bbox 791 1101 902 1131; x_wconf 80' lang='lat' dir='ltr'>mixto</span> <span class='ocrx_word' id='word_1_100' title='bbox 926 1109 1004 1130; x_wconf 91' lang='lat' dir='ltr'>cum</span> <span class='ocrx_word' id='word_1_101' title='bbox 1023 1102 1166 1131; x_wconf 88' lang='lat' dir='ltr'>crimine</span> <span class='ocrx_word' id='word_1_102' title='bbox 1190 1102 1300 1130; x_wconf 85' lang='lat' dir='ltr'>seruit</span> <span class='ocrx_word' id='word_1_103' title='bbox 1318 1099 1408 1130; x_wconf 88' lang='lat' dir='ltr'>inter</span> <span class='ocrx_word' id='word_1_104' title='bbox 1433 1109 1468 1131; x_wconf 83' lang='lat' dir='ltr'>se</span> <span class='ocrx_word' id='word_1_105' title='bbox 1487 1100 1699 1141; x_wconf 74' lang='lat' dir='ltr'>transposui,</span> 
     </span>
     <span class='ocr_line' id='line_1_14' title="bbox 148 1150 1699 1192; baseline 0 -11"><span class='ocrx_word' id='word_1_106' title='bbox 148 1160 239 1191; x_wconf 87' lang='lat' dir='ltr'>quae</span> <span class='ocrx_word' id='word_1_107' title='bbox 267 1160 337 1192; x_wconf 94' lang='lat' dir='ltr'>quo</span> <span class='ocrx_word' id='word_1_108' title='bbox 364 1150 554 1182; x_wconf 87' lang='lat' dir='ltr'>collocatae</span> <span class='ocrx_word' id='word_1_109' title='bbox 581 1154 682 1182; x_wconf 89' lang='lat' dir='ltr'>erant</span> <span class='ocrx_word' id='word_1_110' title='bbox 709 1150 828 1182; x_wconf 82' lang='lat' dir='ltr'>ordine</span> <span class='ocrx_word' id='word_1_111' title='bbox 856 1160 970 1181; x_wconf 87' lang='lat' dir='ltr'>rerum</span> <span class='ocrx_word' id='word_1_112' title='bbox 994 1150 1151 1181; x_wconf 81' lang='lat' dir='ltr'>ordinem</span> <span class='ocrx_word' id='word_1_113' title='bbox 1173 1150 1432 1191; x_wconf 85' lang='lat' dir='ltr'>peruertebant.</span> <span class='ocrx_word' id='word_1_114' title='bbox 1480 1151 1640 1182; x_wconf 89' lang='lat' dir='ltr'>similiter</span> <span class='ocrx_word' id='word_1_115' title='bbox 1664 1152 1699 1182; x_wconf 85' lang='lat' dir='ltr'>in</span> 
     </span>
     <span class='ocr_line' id='line_1_15' title="bbox 152 1201 1696 1243; baseline 0.001 -10"><span class='ocrx_word' id='word_1_116' title='bbox 152 1201 250 1233; x_wconf 90' lang='lat' dir='ltr'>libris</span> <span class='ocrx_word' id='word_1_117' title='bbox 263 1205 418 1234; x_wconf 85' lang='lat' dir='ltr'>erratum</span> <span class='ocrx_word' id='word_1_118' title='bbox 431 1205 485 1234; x_wconf 86' lang='lat' dir='ltr'>est</span> <span class='ocrx_word' id='word_1_119' title='bbox 499 1201 600 1234; x_wconf 89' lang='lat' dir='ltr'>Ouid.</span> <span class='ocrx_word' id='word_1_120' title='bbox 617 1205 698 1234; x_wconf 89' lang='lat' dir='ltr'>met.</span> <span class='ocrx_word' id='word_1_121' title='bbox 716 1211 784 1233; x_wconf 84' lang='lat' dir='ltr'>vm</span> <span class='ocrx_word' id='word_1_122' title='bbox 798 1202 859 1233; x_wconf 87' lang='lat'>701</span> <span class='ocrx_word' id='word_1_123' title='bbox 877 1212 939 1243; x_wconf 89' lang='lat' dir='ltr'>sq.,</span> <span class='ocrx_word' id='word_1_124' title='bbox 954 1211 1002 1233; x_wconf 78' lang='lat' dir='ltr'>xv</span> <span class='ocrx_word' id='word_1_125' title='bbox 1015 1203 1057 1232; x_wconf 91' lang='grc'>22</span> <span class='ocrx_word' id='word_1_126' title='bbox 1072 1212 1135 1242; x_wconf 66' lang='lat' dir='ltr'>sq„</span> <span class='ocrx_word' id='word_1_127' title='bbox 1149 1202 1263 1233; x_wconf 87' lang='lat' dir='ltr'>Plaut.</span> <span class='ocrx_word' id='word_1_128' title='bbox 1280 1201 1349 1233; x_wconf 91' lang='lat' dir='ltr'>mil.</span> <span class='ocrx_word' id='word_1_129' title='bbox 1367 1203 1430 1234; x_wconf 82' lang='lat'>593</span> <span class='ocrx_word' id='word_1_130' title='bbox 1444 1212 1509 1243; x_wconf 66' lang='lat' dir='ltr'>sq„</span> <span class='ocrx_word' id='word_1_131' title='bbox 1525 1202 1617 1234; x_wconf 89' lang='lat' dir='ltr'>Pers.</span> <span class='ocrx_word' id='word_1_132' title='bbox 1634 1202 1696 1234; x_wconf 87' lang='lat'>691</span> 
     </span>
     <span class='ocr_line' id='line_1_16' title="bbox 155 1253 1701 1295; baseline 0.001 -10"><span class='ocrx_word' id='word_1_133' title='bbox 155 1263 220 1294; x_wconf 64' lang='lat' dir='ltr'>sq„</span> <span class='ocrx_word' id='word_1_134' title='bbox 239 1253 322 1285; x_wconf 91' lang='lat' dir='ltr'>Luc.</span> <span class='ocrx_word' id='word_1_135' title='bbox 342 1263 365 1285; x_wconf 90' lang='lat' dir='ltr'>v</span> <span class='ocrx_word' id='word_1_136' title='bbox 383 1254 422 1285; x_wconf 88' lang='lat'>61</span> <span class='ocrx_word' id='word_1_137' title='bbox 442 1263 507 1295; x_wconf 65' lang='lat' dir='ltr'>sq„</span> <span class='ocrx_word' id='word_1_138' title='bbox 522 1254 624 1285; x_wconf 88' lang='lat' dir='ltr'>Mart.</span> <span class='ocrx_word' id='word_1_139' title='bbox 641 1263 684 1285; x_wconf 86' lang='lat'>111</span> <span class='ocrx_word' id='word_1_140' title='bbox 701 1255 744 1285; x_wconf 88' lang='lat'>44</span> <span class='ocrx_word' id='word_1_141' title='bbox 760 1255 856 1291; x_wconf 81' lang='lat'>12-4,</span> <span class='ocrx_word' id='word_1_142' title='bbox 870 1253 1019 1285; x_wconf 80' lang='lat' dir='ltr'>fortasse</span> <span class='ocrx_word' id='word_1_143' title='bbox 1038 1255 1145 1284; x_wconf 84' lang='lat' dir='ltr'>etiam</span> <span class='ocrx_word' id='word_1_144' title='bbox 1163 1253 1254 1284; x_wconf 77' lang='lat' dir='ltr'>Man.</span> <span class='ocrx_word' id='word_1_145' title='bbox 1278 1262 1301 1285; x_wconf 84' lang='lat' dir='ltr'>V</span> <span class='ocrx_word' id='word_1_146' title='bbox 1321 1255 1385 1286; x_wconf 88' lang='lat'>337</span> <span class='ocrx_word' id='word_1_147' title='bbox 1400 1264 1450 1295; x_wconf 86' lang='lat' dir='ltr'>sq.</span> <span class='ocrx_word' id='word_1_148' title='bbox 1546 1257 1701 1286; x_wconf 86' lang='lat' dir='ltr'>ceterum</span> 
     </span>
     <span class='ocr_line' id='line_1_17' title="bbox 151 1303 1702 1347; baseline 0 -11"><span class='ocrx_word' id='word_1_149' title='bbox 151 1304 232 1336; x_wconf 90' lang='lat' dir='ltr'>uide</span> <span class='ocrx_word' id='word_1_150' title='bbox 253 1305 360 1337; x_wconf 87' lang='lat' dir='ltr'>Lucil.</span> <span class='ocrx_word' id='word_1_151' title='bbox 383 1305 442 1337; x_wconf 88' lang='lat' dir='ltr'>lib.</span> <span class='ocrx_word' id='word_1_152' title='bbox 463 1314 504 1336; x_wconf 77' lang='lat' dir='ltr'>XI</span> <span class='ocrx_word' id='word_1_153' title='bbox 525 1315 579 1346; x_wconf 85' lang='lat' dir='ltr'>ap.</span> <span class='ocrx_word' id='word_1_154' title='bbox 603 1305 693 1337; x_wconf 89' lang='lat' dir='ltr'>Non.</span> <span class='ocrx_word' id='word_1_155' title='bbox 716 1316 749 1346; x_wconf 90' lang='lat' dir='ltr'>p.</span> <span class='ocrx_word' id='word_1_156' title='bbox 773 1306 837 1337; x_wconf 87' lang='lat'>305</span> <span class='ocrx_word' id='word_1_157' title='bbox 857 1305 1004 1343; x_wconf 77' lang='lat' dir='ltr'>Quintus</span> <span class='ocrx_word' id='word_1_158' title='bbox 1025 1303 1186 1344; x_wconf 71' lang='lat' dir='ltr'>Opimius</span> <span class='ocrx_word' id='word_1_159' title='bbox 1203 1329 1210 1336; x_wconf 91' lang='lat'>.</span> <span class='ocrx_word' id='word_1_160' title='bbox 1230 1329 1237 1336; x_wconf 93' lang='lat'>.</span> <span class='ocrx_word' id='word_1_161' title='bbox 1258 1329 1265 1336; x_wconf 87' lang='lat'><strong>.</strong></span> <span class='ocrx_word' id='word_1_162' title='bbox 1286 1308 1313 1336; x_wconf 80' lang='lat' dir='ltr'>et</span> <span class='ocrx_word' id='word_1_163' title='bbox 1328 1305 1498 1346; x_wconf 78' lang='lat' dir='ltr'>formosus</span> <span class='ocrx_word' id='word_1_164' title='bbox 1519 1305 1614 1338; x_wconf 74' lang='lat' dir='ltr'>homo</span> <span class='ocrx_word' id='word_1_165' title='bbox 1628 1305 1702 1347; x_wconf 85' lang='lat' dir='ltr'>fuit</span> 
     </span>
     <span class='ocr_line' id='line_1_18' title="bbox 151 1355 1701 1400; baseline 0.001 -13"><span class='ocrx_word' id='word_1_166' title='bbox 151 1360 179 1387; x_wconf 84' lang='lat' dir='ltr'>et</span> <span class='ocrx_word' id='word_1_167' title='bbox 192 1355 348 1397; x_wconf 72' lang='lat' dir='ltr'>famosus</span> <span class='ocrx_word' id='word_1_168' title='bbox 368 1360 543 1397; x_wconf 77' lang='lat' dir='ltr'>utrumque</span> <span class='ocrx_word' id='word_1_169' title='bbox 563 1356 568 1400; x_wconf 77' lang='grc' dir='ltr'>Ι</span> <span class='ocrx_word' id='word_1_170' title='bbox 585 1357 698 1397; x_wconf 74' lang='lat' dir='ltr'>primo</span> <span class='ocrx_word' id='word_1_171' title='bbox 717 1356 920 1394; x_wconf 76' lang='lat' dir='ltr'>adulescens,</span> <span class='ocrx_word' id='word_1_172' title='bbox 939 1357 1106 1397; x_wconf 75' lang='lat' dir='ltr'>posterius</span> <span class='ocrx_word' id='word_1_173' title='bbox 1125 1357 1203 1389; x_wconf 87' lang='lat' dir='ltr'>dare</span> <span class='ocrx_word' id='word_1_174' title='bbox 1221 1357 1341 1388; x_wconf 79' lang='lat' dir='ltr'>rectius</span> <span class='ocrx_word' id='word_1_175' title='bbox 1360 1368 1439 1395; x_wconf 79' lang='lat' dir='ltr'>sese,</span> <span class='ocrx_word' id='word_1_176' title='bbox 1458 1358 1557 1390; x_wconf 87' lang='lat' dir='ltr'>cuius</span> <span class='ocrx_word' id='word_1_177' title='bbox 1575 1357 1701 1389; x_wconf 81' lang='lat' dir='ltr'>similia-</span> 
     </span>
     <span class='ocr_line' id='line_1_19' title="bbox 151 1408 1698 1450; baseline 0.001 -11"><span class='ocrx_word' id='word_1_178' title='bbox 151 1408 312 1449; x_wconf 83' lang='lat' dir='ltr'>exempla</span> <span class='ocrx_word' id='word_1_179' title='bbox 338 1408 476 1450; x_wconf 88' lang='lat' dir='ltr'>collegit</span> <span class='ocrx_word' id='word_1_180' title='bbox 494 1408 650 1440; x_wconf 88' lang='lat' dir='ltr'>Valerius</span> <span class='ocrx_word' id='word_1_181' title='bbox 676 1408 851 1439; x_wconf 80' lang='lat' dir='ltr'>Maximus</span> <span class='ocrx_word' id='word_1_182' title='bbox 877 1418 915 1439; x_wconf 85' lang='lat' dir='ltr'>VI</span> <span class='ocrx_word' id='word_1_183' title='bbox 933 1410 953 1440; x_wconf 88' lang='lat'>9</span> <span class='ocrx_word' id='word_1_184' title='bbox 979 1409 1043 1440; x_wconf 82' lang='grc'>2-6</span> <span class='ocrx_word' id='word_1_185' title='bbox 1070 1411 1106 1439; x_wconf 86' lang='lat' dir='ltr'>et</span> <span class='ocrx_word' id='word_1_186' title='bbox 1131 1411 1201 1440; x_wconf 80' lang='lat' dir='ltr'>ext.</span> <span class='ocrx_word' id='word_1_187' title='bbox 1225 1410 1239 1440; x_wconf 93' lang='lat'>1</span> <span class='ocrx_word' id='word_1_188' title='bbox 1259 1419 1309 1449; x_wconf 88' lang='lat' dir='ltr'>sq.</span> <span class='ocrx_word' id='word_1_189' title='bbox 1397 1409 1478 1440; x_wconf 83' lang='lat' dir='ltr'>258b</span> <span class='ocrx_word' id='word_1_190' title='bbox 1501 1412 1622 1441; x_wconf 88' lang='lat' dir='ltr'>ueneri</span> <span class='ocrx_word' id='word_1_191' title='bbox 1647 1413 1698 1442; x_wconf 83' lang='lat' dir='ltr'>GL</span> 
     </span>
     <span class='ocr_line' id='line_1_20' title="bbox 150 1459 1698 1502; baseline 0.001 -12"><span class='ocrx_word' id='word_1_192' title='bbox 150 1459 226 1491; x_wconf 85' lang='lat' dir='ltr'>cod.</span> <span class='ocrx_word' id='word_1_193' title='bbox 241 1460 406 1498; x_wconf 88' lang='lat' dir='ltr'>Venetus,</span> <span class='ocrx_word' id='word_1_194' title='bbox 421 1464 542 1492; x_wconf 87' lang='lat' dir='ltr'>uentri</span> <span class='ocrx_word' id='word_1_195' title='bbox 555 1464 599 1497; x_wconf 89' lang='lat' dir='ltr'>M,</span> <span class='ocrx_word' id='word_1_196' title='bbox 613 1463 653 1492; x_wconf 86' lang='lat' dir='ltr'>ut</span> <span class='ocrx_word' id='word_1_197' title='bbox 665 1469 678 1491; x_wconf 91' lang='lat'>1</span> <span class='ocrx_word' id='word_1_198' title='bbox 691 1461 756 1491; x_wconf 88' lang='lat'>798</span> <span class='ocrx_word' id='word_1_199' title='bbox 774 1460 902 1491; x_wconf 78' lang='lat' dir='ltr'>uentri-s</span> <span class='ocrx_word' id='word_1_200' title='bbox 916 1464 974 1497; x_wconf 82' lang='lat' dir='ltr'>GL,</span> <span class='ocrx_word' id='word_1_201' title='bbox 988 1469 1016 1491; x_wconf 89' lang='lat'>11</span> <span class='ocrx_word' id='word_1_202' title='bbox 1032 1460 1098 1492; x_wconf 83' lang='lat'>926</span> <span class='ocrx_word' id='word_1_203' title='bbox 1110 1463 1256 1491; x_wconf 79' lang='lat' dir='ltr'>uentrem</span> <span class='ocrx_word' id='word_1_204' title='bbox 1275 1464 1299 1492; x_wconf 87' lang='lat' dir='ltr'><strong>G</strong></span> <span class='ocrx_word' id='word_1_205' title='bbox 1389 1461 1468 1492; x_wconf 67' lang='lat' dir='ltr'>258a</span> <span class='ocrx_word' id='word_1_206' title='bbox 1484 1463 1519 1494; x_wconf 85' lang='lat' dir='ltr'>at</span> <span class='ocrx_word' id='word_1_207' title='bbox 1536 1460 1698 1502; x_wconf 82' lang='lat' dir='ltr'>Scaliger,</span> 
     </span>
     <span class='ocr_line' id='line_1_21' title="bbox 152 1511 1697 1552; baseline 0.001 -8"><span class='ocrx_word' id='word_1_208' title='bbox 152 1515 189 1543; x_wconf 79' lang='lat' dir='ltr'>et</span> <span class='ocrx_word' id='word_1_209' title='bbox 214 1511 324 1549; x_wconf 80' lang='lat' dir='ltr'>GL²M‚</span> <span class='ocrx_word' id='word_1_210' title='bbox 351 1522 419 1543; x_wconf 90' lang='lat' dir='ltr'>om.</span> <span class='ocrx_word' id='word_1_211' title='bbox 448 1516 471 1544; x_wconf 93' lang='lat' dir='ltr'>L</span> <span class='ocrx_word' id='word_1_212' title='bbox 496 1514 532 1543; x_wconf 91' lang='lat' dir='ltr'>et</span> <span class='ocrx_word' id='word_1_213' title='bbox 565 1511 641 1543; x_wconf 86' lang='lat' dir='ltr'>cod.</span> <span class='ocrx_word' id='word_1_214' title='bbox 670 1511 836 1549; x_wconf 88' lang='lat' dir='ltr'>Venetus,</span> <span class='ocrx_word' id='word_1_215' title='bbox 864 1512 924 1552; x_wconf 88' lang='lat' dir='ltr'>qui</span> <span class='ocrx_word' id='word_1_216' title='bbox 954 1521 1105 1551; x_wconf 76' lang='lat' dir='ltr'>parsque</span> <span class='ocrx_word' id='word_1_217' title='bbox 1133 1512 1228 1551; x_wconf 85' lang='lat' dir='ltr'>prior</span> <span class='ocrx_word' id='word_1_218' title='bbox 1257 1511 1382 1544; x_wconf 81' lang='lat' dir='ltr'>habuit</span> <span class='ocrx_word' id='word_1_219' title='bbox 1473 1512 1554 1544; x_wconf 75' lang='lat'>257¹&gt;</span> <span class='ocrx_word' id='word_1_220' title='bbox 1577 1515 1697 1546; x_wconf 74' lang='lat' dir='ltr'>iuncto</span> 
     </span>
     <span class='ocr_line' id='line_1_22' title="bbox 150 1563 1698 1605; baseline 0.001 -10"><span class='ocrx_word' id='word_1_221' title='bbox 150 1563 251 1595; x_wconf 89' lang='lat' dir='ltr'>codd.</span> <span class='ocrx_word' id='word_1_222' title='bbox 278 1564 368 1595; x_wconf 90' lang='lat' dir='ltr'>Flor.</span> <span class='ocrx_word' id='word_1_223' title='bbox 393 1566 430 1595; x_wconf 87' lang='lat' dir='ltr'>et</span> <span class='ocrx_word' id='word_1_224' title='bbox 454 1563 567 1601; x_wconf 86' lang='lat' dir='ltr'>Bodl.‚</span> <span class='ocrx_word' id='word_1_225' title='bbox 591 1567 715 1596; x_wconf 81' lang='lat' dir='ltr'>iuncta</span> <span class='ocrx_word' id='word_1_226' title='bbox 739 1568 822 1596; x_wconf 85' lang='lat' dir='ltr'>GLM</span> <span class='ocrx_word' id='word_1_227' title='bbox 845 1563 920 1595; x_wconf 86' lang='lat' dir='ltr'>cod.</span> <span class='ocrx_word' id='word_1_228' title='bbox 947 1564 1112 1601; x_wconf 86' lang='lat' dir='ltr'>Venetus,</span> <span class='ocrx_word' id='word_1_229' title='bbox 1137 1564 1256 1605; x_wconf 86' lang='lat' dir='ltr'>quales</span> <span class='ocrx_word' id='word_1_230' title='bbox 1279 1574 1410 1595; x_wconf 90' lang='lat' dir='ltr'>errores</span> <span class='ocrx_word' id='word_1_231' title='bbox 1434 1564 1586 1596; x_wconf 90' lang='lat' dir='ltr'>uidimus</span> <span class='ocrx_word' id='word_1_232' title='bbox 1609 1565 1645 1596; x_wconf 91' lang='lat' dir='ltr'>in</span> <span class='ocrx_word' id='word_1_233' title='bbox 1669 1573 1698 1596; x_wconf 81' lang='grc' dir='ltr'>Π</span> 
     </span>
     <span class='ocr_line' id='line_1_23' title="bbox 151 1615 1696 1654; baseline 0.001 -8"><span class='ocrx_word' id='word_1_234' title='bbox 151 1616 217 1647; x_wconf 89' lang='grc'>715</span> <span class='ocrx_word' id='word_1_235' title='bbox 241 1618 278 1646; x_wconf 87' lang='lat' dir='ltr'>et</span> <span class='ocrx_word' id='word_1_236' title='bbox 302 1615 386 1647; x_wconf 87' lang='lat' dir='ltr'>loeis</span> <span class='ocrx_word' id='word_1_237' title='bbox 412 1615 457 1646; x_wconf 87' lang='lat' dir='ltr'>ad</span> <span class='ocrx_word' id='word_1_238' title='bbox 482 1624 526 1646; x_wconf 91' lang='lat'>111</span> <span class='ocrx_word' id='word_1_239' title='bbox 553 1616 615 1647; x_wconf 89' lang='lat'>195</span> <span class='ocrx_word' id='word_1_240' title='bbox 642 1615 769 1646; x_wconf 82' lang='lat' dir='ltr'>adlatis</span> <span class='ocrx_word' id='word_1_241' title='bbox 860 1618 955 1654; x_wconf 84' lang='lat' dir='ltr'>pisce</span> <span class='ocrx_word' id='word_1_242' title='bbox 980 1619 1076 1652; x_wconf 87' lang='lat' dir='ltr'>GLM,</span> <span class='ocrx_word' id='word_1_243' title='bbox 1103 1617 1178 1648; x_wconf 87' lang='lat' dir='ltr'>luce</span> <span class='ocrx_word' id='word_1_244' title='bbox 1203 1615 1277 1646; x_wconf 87' lang='lat' dir='ltr'>cod.</span> <span class='ocrx_word' id='word_1_245' title='bbox 1303 1615 1468 1653; x_wconf 87' lang='lat' dir='ltr'>Venetus,</span> <span class='ocrx_word' id='word_1_246' title='bbox 1495 1616 1611 1647; x_wconf 82' lang='lat' dir='ltr'>iuncta</span> <span class='ocrx_word' id='word_1_247' title='bbox 1635 1616 1696 1647; x_wconf 77' lang='lat' dir='ltr'>sub</span> 
     </span>
     <span class='ocr_line' id='line_1_24' title="bbox 149 1666 1700 1708; baseline 0.001 -10"><span class='ocrx_word' id='word_1_248' title='bbox 149 1666 272 1707; x_wconf 75' lang='lat' dir='ltr'>priste</span> <span class='ocrx_word' id='word_1_249' title='bbox 301 1667 480 1698; x_wconf 90' lang='lat' dir='ltr'>Bentleius</span> <span class='ocrx_word' id='word_1_250' title='bbox 508 1667 595 1698; x_wconf 86' lang='lat' dir='ltr'>scita</span> <span class='ocrx_word' id='word_1_251' title='bbox 624 1666 683 1698; x_wconf 85' lang='lat' dir='ltr'>sed</span> <span class='ocrx_word' id='word_1_252' title='bbox 712 1667 771 1698; x_wconf 83' lang='lat' dir='ltr'>uix</span> <span class='ocrx_word' id='word_1_253' title='bbox 800 1677 882 1698; x_wconf 88' lang='lat' dir='ltr'>uera</span> <span class='ocrx_word' id='word_1_254' title='bbox 916 1667 1126 1703; x_wconf 90' lang='lat' dir='ltr'>coniectura,</span> <span class='ocrx_word' id='word_1_255' title='bbox 1155 1666 1351 1697; x_wconf 79' lang='lat' dir='ltr'>inferiorem</span> <span class='ocrx_word' id='word_1_256' title='bbox 1379 1667 1472 1698; x_wconf 88' lang='lat' dir='ltr'>enim</span> <span class='ocrx_word' id='word_1_257' title='bbox 1500 1667 1700 1708; x_wconf 83' lang='lat' dir='ltr'>Capricorni</span> 
     </span>
     <span class='ocr_line' id='line_1_25' title="bbox 150 1717 1695 1759; baseline 0.001 -10"><span class='ocrx_word' id='word_1_258' title='bbox 150 1721 289 1759; x_wconf 85' lang='lat' dir='ltr'>partem</span> <span class='ocrx_word' id='word_1_259' title='bbox 313 1721 349 1750; x_wconf 86' lang='lat' dir='ltr'>et</span> <span class='ocrx_word' id='word_1_260' title='bbox 373 1717 536 1749; x_wconf 84' lang='lat' dir='ltr'>Manilius</span> <span class='ocrx_word' id='word_1_261' title='bbox 560 1726 589 1749; x_wconf 91' lang='lat'>11</span> <span class='ocrx_word' id='word_1_262' title='bbox 614 1718 678 1749; x_wconf 76' lang='lat'>659</span> <span class='ocrx_word' id='word_1_263' title='bbox 703 1721 738 1749; x_wconf 90' lang='lat' dir='ltr'>et</span> <span class='ocrx_word' id='word_1_264' title='bbox 764 1717 821 1748; x_wconf 90' lang='lat' dir='ltr'>alii</span> <span class='ocrx_word' id='word_1_265' title='bbox 843 1718 970 1758; x_wconf 78' lang='lat' dir='ltr'>piscem</span> <span class='ocrx_word' id='word_1_266' title='bbox 987 1717 1219 1759; x_wconf 85' lang='lat' dir='ltr'>appellarunt,</span> <span class='ocrx_word' id='word_1_267' title='bbox 1235 1718 1384 1757; x_wconf 78' lang='lat' dir='ltr'>pristim,</span> <span class='ocrx_word' id='word_1_268' title='bbox 1404 1728 1509 1759; x_wconf 84' lang='lat' dir='ltr'>quem</span> <span class='ocrx_word' id='word_1_269' title='bbox 1526 1719 1695 1756; x_wconf 81' lang='lat' dir='ltr'>nouerim,</span> 
     </span>
     <span class='ocr_line' id='line_1_26' title="bbox 151 1769 1700 1810; baseline 0.001 -10"><span class='ocrx_word' id='word_1_270' title='bbox 151 1779 254 1800; x_wconf 88' lang='lat' dir='ltr'>nemo</span> <span class='ocrx_word' id='word_1_271' title='bbox 345 1769 497 1800; x_wconf 79' lang='lat'>259-272</span> <span class='ocrx_word' id='word_1_272' title='bbox 522 1769 697 1810; x_wconf 85' lang='lat' dir='ltr'>Aquarius</span> <span class='ocrx_word' id='word_1_273' title='bbox 723 1772 814 1800; x_wconf 86' lang='lat' dir='ltr'>artes</span> <span class='ocrx_word' id='word_1_274' title='bbox 840 1769 972 1801; x_wconf 83' lang='lat' dir='ltr'>tribuet</span> <span class='ocrx_word' id='word_1_275' title='bbox 996 1769 1116 1810; x_wconf 86' lang='lat' dir='ltr'>quales</span> <span class='ocrx_word' id='word_1_276' title='bbox 1145 1779 1225 1800; x_wconf 89' lang='lat' dir='ltr'>eum</span> <span class='ocrx_word' id='word_1_277' title='bbox 1250 1769 1402 1801; x_wconf 86' lang='lat' dir='ltr'>tribuere</span> <span class='ocrx_word' id='word_1_278' title='bbox 1426 1772 1700 1801; x_wconf 86' lang='lat' dir='ltr'>consentaneum</span> 
     </span>
     <span class='ocr_line' id='line_1_27' title="bbox 151 1820 1702 1862; baseline 0.001 -10"><span class='ocrx_word' id='word_1_279' title='bbox 151 1823 217 1858; x_wconf 88' lang='lat' dir='ltr'>est,</span> <span class='ocrx_word' id='word_1_280' title='bbox 245 1830 355 1862; x_wconf 85' lang='lat' dir='ltr'>aquas</span> <span class='ocrx_word' id='word_1_281' title='bbox 381 1820 582 1852; x_wconf 86' lang='lat' dir='ltr'>inueniendi</span> <span class='ocrx_word' id='word_1_282' title='bbox 609 1820 839 1862; x_wconf 88' lang='lat' dir='ltr'>ducendique,</span> <span class='ocrx_word' id='word_1_283' title='bbox 866 1820 1028 1852; x_wconf 84' lang='lat' dir='ltr'>salientes</span> <span class='ocrx_word' id='word_1_284' title='bbox 1054 1820 1216 1857; x_wconf 81' lang='lat' dir='ltr'>faciendi,</span> <span class='ocrx_word' id='word_1_285' title='bbox 1244 1830 1338 1852; x_wconf 87' lang='lat' dir='ltr'>mare</span> <span class='ocrx_word' id='word_1_286' title='bbox 1365 1821 1578 1859; x_wconf 82' lang='lat' dir='ltr'>exstruendi,</span> <span class='ocrx_word' id='word_1_287' title='bbox 1605 1821 1702 1853; x_wconf 82' lang='lat' dir='ltr'>lacus</span> 
     </span>
     <span class='ocr_line' id='line_1_28' title="bbox 151 1871 1702 1913; baseline 0.001 -10"><span class='ocrx_word' id='word_1_288' title='bbox 151 1872 290 1904; x_wconf 85' lang='lat' dir='ltr'>canales</span> <span class='ocrx_word' id='word_1_289' title='bbox 310 1871 453 1904; x_wconf 86' lang='lat' dir='ltr'>castella</span> <span class='ocrx_word' id='word_1_290' title='bbox 481 1871 687 1910; x_wconf 61' lang='lat' dir='ltr'>fabricandi.</span> <span class='ocrx_word' id='word_1_291' title='bbox 709 1871 874 1913; x_wconf 88' lang='lat' dir='ltr'>sphaeras</span> <span class='ocrx_word' id='word_1_292' title='bbox 894 1881 1006 1913; x_wconf 88' lang='lat' dir='ltr'>aquae</span> <span class='ocrx_word' id='word_1_293' title='bbox 1026 1872 1063 1903; x_wconf 91' lang='lat' dir='ltr'>ui</span> <span class='ocrx_word' id='word_1_294' title='bbox 1082 1871 1270 1909; x_wconf 82' lang='lat' dir='ltr'>mouendi3</span> <span class='ocrx_word' id='word_1_295' title='bbox 1303 1871 1437 1904; x_wconf 83' lang='lat' dir='ltr'>creabit</span> <span class='ocrx_word' id='word_1_296' title='bbox 1466 1874 1586 1904; x_wconf 81' lang='lat' dir='ltr'>autem</span> <span class='ocrx_word' id='word_1_297' title='bbox 1606 1873 1702 1904; x_wconf 84' lang='lat' dir='ltr'>mitis</span> 
     </span>
     <span class='ocr_line' id='line_1_29' title="bbox 152 1923 1698 1966; baseline 0.001 -11"><span class='ocrx_word' id='word_1_298' title='bbox 152 1924 281 1966; x_wconf 86' lang='lat' dir='ltr'>ingenii</span> <span class='ocrx_word' id='word_1_299' title='bbox 305 1923 475 1961; x_wconf 87' lang='lat' dir='ltr'>homines,</span> <span class='ocrx_word' id='word_1_300' title='bbox 492 1923 662 1961; x_wconf 88' lang='lat' dir='ltr'>liberales,</span> <span class='ocrx_word' id='word_1_301' title='bbox 688 1923 862 1965; x_wconf 86' lang='lat' dir='ltr'>prodigos,</span> <span class='ocrx_word' id='word_1_302' title='bbox 888 1924 1055 1965; x_wconf 86' lang='lat' dir='ltr'>pecuniae</span> <span class='ocrx_word' id='word_1_303' title='bbox 1077 1923 1245 1955; x_wconf 86' lang='lat' dir='ltr'>modicae.</span> <span class='ocrx_word' id='word_1_304' title='bbox 1296 1923 1461 1956; x_wconf 82' lang='lat' dir='ltr'>C.C.A.G.</span> <span class='ocrx_word' id='word_1_305' title='bbox 1489 1932 1512 1956; x_wconf 90' lang='lat' dir='ltr'><strong>v</strong></span> <span class='ocrx_word' id='word_1_306' title='bbox 1538 1924 1549 1956; x_wconf 91' lang='lat' dir='ltr'>i</span> <span class='ocrx_word' id='word_1_307' title='bbox 1574 1934 1607 1966; x_wconf 89' lang='lat' dir='ltr'>p.</span> <span class='ocrx_word' id='word_1_308' title='bbox 1637 1925 1698 1956; x_wconf 88' lang='lat'>187</span> 
     </span>
     <span class='ocr_line' id='line_1_30' title="bbox 152 1975 1700 2016; baseline 0.001 -10"><span class='ocrx_word' id='word_1_309' title='bbox 152 1976 195 2006; x_wconf 82' lang='grc'>22</span> <span class='ocrx_word' id='word_1_310' title='bbox 216 1985 267 2016; x_wconf 83' lang='lat' dir='ltr'>sq.</span> <span class='ocrx_word' id='word_1_311' title='bbox 294 1977 334 2007; x_wconf 87' lang='grc' dir='ltr'>τὰ</span> <span class='ocrx_word' id='word_1_312' title='bbox 361 1976 387 2006; x_wconf 83' lang='grc' dir='ltr'>δ’</span> <span class='ocrx_word' id='word_1_313' title='bbox 410 1977 492 2015; x_wconf 68' lang='grc' dir='ltr'>ὑγρὰ,</span> <span class='ocrx_word' id='word_1_314' title='bbox 523 1977 594 2007; x_wconf 80' lang='grc' dir='ltr'>τοῖσ-</span> <span class='ocrx_word' id='word_1_315' title='bbox 627 1976 667 2006; x_wconf 80' lang='grc' dir='ltr'>δι’</span> <span class='ocrx_word' id='word_1_316' title='bbox 700 1977 803 2016; x_wconf 70' lang='grc' dir='ltr'>ὑγρῶν</span> <span class='ocrx_word' id='word_1_317' title='bbox 833 1977 1060 2015; x_wconf 69' lang='grc' dir='ltr'>ἐργαζομένοισ</span> <span class='ocrx_word' id='word_1_318' title='bbox 1089 1976 1280 2015; x_wconf 82' lang='grc' dir='ltr'>(ἐπιτήδεια)</span> <span class='ocrx_word' id='word_1_319' title='bbox 1372 1975 1436 2006; x_wconf 78' lang='grc'>260</span> <span class='ocrx_word' id='word_1_320' title='bbox 1455 1978 1611 2016; x_wconf 70' lang='lat' dir='ltr'>coynatas</span> <span class='ocrx_word' id='word_1_321' title='bbox 1635 1975 1700 2007; x_wconf 80' lang='lat' dir='ltr'>Sibi</span> 
     </span>
     <span class='ocr_line' id='line_1_31' title="bbox 242 2025 1701 2068; baseline 0.001 -10"><span class='ocrx_word' id='word_1_322' title='bbox 242 2027 304 2058; x_wconf 83' lang='lat'>261</span> <span class='ocrx_word' id='word_1_323' title='bbox 331 2026 508 2068; x_wconf 91' lang='lat' dir='ltr'>quomodo</span> <span class='ocrx_word' id='word_1_324' title='bbox 534 2026 723 2067; x_wconf 82' lang='lat' dir='ltr'>quaerenda</span> <span class='ocrx_word' id='word_1_325' title='bbox 748 2025 809 2057; x_wconf 85' lang='lat' dir='ltr'>sub</span> <span class='ocrx_word' id='word_1_326' title='bbox 835 2029 922 2058; x_wconf 85' lang='lat' dir='ltr'>terra</span> <span class='ocrx_word' id='word_1_327' title='bbox 947 2027 1018 2058; x_wconf 85' lang='lat' dir='ltr'>sint</span> <span class='ocrx_word' id='word_1_328' title='bbox 1044 2036 1215 2068; x_wconf 89' lang='lat' dir='ltr'>aquarum</span> <span class='ocrx_word' id='word_1_329' title='bbox 1241 2026 1355 2066; x_wconf 85' lang='lat' dir='ltr'>capita</span> <span class='ocrx_word' id='word_1_330' title='bbox 1382 2026 1563 2059; x_wconf 89' lang='lat' dir='ltr'>Vitruuius</span> <span class='ocrx_word' id='word_1_331' title='bbox 1590 2027 1701 2059; x_wconf 79' lang='lat' dir='ltr'>tradit</span> 
     </span>
     <span class='ocr_line' id='line_1_32' title="bbox 153 2077 1703 2119; baseline -0.001 -9"><span class='ocrx_word' id='word_1_332' title='bbox 153 2087 222 2110; x_wconf 87' lang='lat' dir='ltr'>vm</span> <span class='ocrx_word' id='word_1_333' title='bbox 239 2079 253 2110; x_wconf 93' lang='lat'>1</span> <span class='ocrx_word' id='word_1_334' title='bbox 274 2079 348 2116; x_wconf 89' lang='lat'>1—6,</span> <span class='ocrx_word' id='word_1_335' title='bbox 363 2079 449 2109; x_wconf 89' lang='lat' dir='ltr'>item</span> <span class='ocrx_word' id='word_1_336' title='bbox 464 2078 596 2110; x_wconf 87' lang='lat' dir='ltr'>Plinius</span> <span class='ocrx_word' id='word_1_337' title='bbox 610 2078 681 2110; x_wconf 91' lang='lat' dir='ltr'>n.h.</span> <span class='ocrx_word' id='word_1_338' title='bbox 696 2086 788 2109; x_wconf 76' lang='lat' dir='ltr'>XXXI</span> <span class='ocrx_word' id='word_1_339' title='bbox 802 2078 889 2110; x_wconf 85' lang='grc'>43-6</span> <span class='ocrx_word' id='word_1_340' title='bbox 980 2078 1048 2110; x_wconf 84' lang='lat' dir='ltr'>Cic.</span> <span class='ocrx_word' id='word_1_341' title='bbox 1061 2077 1132 2109; x_wconf 90' lang='lat' dir='ltr'>n.d.</span> <span class='ocrx_word' id='word_1_342' title='bbox 1149 2087 1178 2109; x_wconf 88' lang='lat'>11</span> <span class='ocrx_word' id='word_1_343' title='bbox 1195 2078 1256 2109; x_wconf 83' lang='lat'>152</span> <span class='ocrx_word' id='word_1_344' title='bbox 1271 2087 1436 2119; x_wconf 80' lang='lat' dir='ltr'>aquarum</span> <span class='ocrx_word' id='word_1_345' title='bbox 1450 2078 1703 2111; x_wconf 76' lang='lat' dir='ltr'>inductionibus</span> 
     </span>
     <span class='ocr_line' id='line_1_33' title="bbox 153 2129 1702 2171; baseline 0 -10"><span class='ocrx_word' id='word_1_346' title='bbox 153 2130 249 2162; x_wconf 70' lang='lat' dir='ltr'>terris</span> <span class='ocrx_word' id='word_1_347' title='bbox 259 2129 500 2171; x_wconf 82' lang='lat' dir='ltr'>fecunditatem</span> <span class='ocrx_word' id='word_1_348' title='bbox 516 2130 637 2162; x_wconf 80' lang='lat' dir='ltr'>damus</span> <span class='ocrx_word' id='word_1_349' title='bbox 728 2129 780 2161; x_wconf 87' lang='lat' dir='ltr'>bis</span> <span class='ocrx_word' id='word_1_350' title='bbox 796 2130 952 2171; x_wconf 88' lang='lat' dir='ltr'>positum</span> <span class='ocrx_word' id='word_1_351' title='bbox 977 2130 1084 2167; x_wconf 75' lang='lat' dir='ltr'>terris,</span> <span class='ocrx_word' id='word_1_352' title='bbox 1101 2139 1184 2161; x_wconf 85' lang='lat' dir='ltr'>casu</span> <span class='ocrx_word' id='word_1_353' title='bbox 1200 2130 1405 2171; x_wconf 87' lang='lat' dir='ltr'>praesertim</span> <span class='ocrx_word' id='word_1_354' title='bbox 1430 2132 1467 2161; x_wconf 93' lang='lat' dir='ltr'>et</span> <span class='ocrx_word' id='word_1_355' title='bbox 1482 2131 1702 2171; x_wconf 87' lang='lat' dir='ltr'>percussione</span> 
     </span>
     <span class='ocr_line' id='line_1_34' title="bbox 154 2181 1702 2223; baseline -0.001 -10"><span class='ocrx_word' id='word_1_356' title='bbox 154 2184 307 2219; x_wconf 86' lang='lat' dir='ltr'>mutata,</span> <span class='ocrx_word' id='word_1_357' title='bbox 326 2181 411 2213; x_wconf 89' lang='lat' dir='ltr'>mihi</span> <span class='ocrx_word' id='word_1_358' title='bbox 429 2184 522 2213; x_wconf 89' lang='lat' dir='ltr'>certe</span> <span class='ocrx_word' id='word_1_359' title='bbox 541 2191 612 2213; x_wconf 93' lang='lat' dir='ltr'>non</span> <span class='ocrx_word' id='word_1_360' title='bbox 631 2182 741 2223; x_wconf 81' lang='lat' dir='ltr'>magis</span> <span class='ocrx_word' id='word_1_361' title='bbox 760 2181 920 2223; x_wconf 88' lang='lat' dir='ltr'>displicet</span> <span class='ocrx_word' id='word_1_362' title='bbox 939 2191 1046 2222; x_wconf 89' lang='lat' dir='ltr'>quam</span> <span class='ocrx_word' id='word_1_363' title='bbox 1066 2190 1089 2212; x_wconf 90' lang='lat' dir='ltr'><strong>v</strong></span> <span class='ocrx_word' id='word_1_364' title='bbox 1107 2182 1172 2213; x_wconf 84' lang='lat'>292</span> <span class='ocrx_word' id='word_1_365' title='bbox 1191 2181 1327 2222; x_wconf 81' lang='lat' dir='ltr'>tectique</span> <span class='ocrx_word' id='word_1_366' title='bbox 1344 2191 1427 2212; x_wconf 85' lang='lat' dir='ltr'>auro</span> <span class='ocrx_word' id='word_1_367' title='bbox 1446 2181 1517 2213; x_wconf 83' lang='lat' dir='ltr'>iam</span> <span class='ocrx_word' id='word_1_368' title='bbox 1535 2182 1702 2213; x_wconf 77' lang='lat' dir='ltr'>uescimur</span> 
     </span>
     <span class='ocr_line' id='line_1_35' title="bbox 152 2232 1612 2275; baseline 0.001 -11"><span class='ocrx_word' id='word_1_369' title='bbox 152 2243 261 2270; x_wconf 83' lang='lat' dir='ltr'>auro;</span> <span class='ocrx_word' id='word_1_370' title='bbox 299 2242 516 2274; x_wconf 89' lang='lat' dir='ltr'>quamquam</span> <span class='ocrx_word' id='word_1_371' title='bbox 541 2232 713 2275; x_wconf 82' lang='lat' dir='ltr'>Scaligero</span> <span class='ocrx_word' id='word_1_372' title='bbox 738 2232 851 2264; x_wconf 89' lang='lat' dir='ltr'>iudice</span> <span class='ocrx_word' id='word_1_373' title='bbox 876 2233 1036 2274; x_wconf 87' lang='lat' dir='ltr'>imperite</span> <span class='ocrx_word' id='word_1_374' title='bbox 1061 2232 1152 2264; x_wconf 81' lang='lat' dir='ltr'>facio</span> <span class='ocrx_word' id='word_1_375' title='bbox 1177 2242 1290 2273; x_wconf 89' lang='lat' dir='ltr'>neque</span> <span class='ocrx_word' id='word_1_376' title='bbox 1315 2232 1509 2264; x_wconf 88' lang='lat' dir='ltr'>audiendus</span> <span class='ocrx_word' id='word_1_377' title='bbox 1534 2243 1612 2265; x_wconf 90' lang='lat' dir='ltr'>sum</span> 
     </span>
     <span class='ocr_line' id='line_1_36' title="bbox 198 2283 1699 2323; baseline 0 -7"><span class='ocrx_word' id='word_1_378' title='bbox 198 2285 262 2316; x_wconf 86' lang='lat'>263</span> <span class='ocrx_word' id='word_1_379' title='bbox 283 2288 406 2316; x_wconf 86' lang='lat' dir='ltr'>luxum</span> <span class='ocrx_word' id='word_1_380' title='bbox 429 2288 454 2317; x_wconf 83' lang='lat' dir='ltr'>G</span> <span class='ocrx_word' id='word_1_381' title='bbox 475 2287 512 2316; x_wconf 88' lang='lat' dir='ltr'>et</span> <span class='ocrx_word' id='word_1_382' title='bbox 533 2284 570 2316; x_wconf 92' lang='lat' dir='ltr'>in</span> <span class='ocrx_word' id='word_1_383' title='bbox 602 2288 625 2316; x_wconf 90' lang='lat' dir='ltr'>L</span> <span class='ocrx_word' id='word_1_384' title='bbox 647 2294 772 2316; x_wconf 87' lang='lat' dir='ltr'>manus</span> <span class='ocrx_word' id='word_1_385' title='bbox 796 2284 1042 2322; x_wconf 88' lang='lat' dir='ltr'>recentissima,</span> <span class='ocrx_word' id='word_1_386' title='bbox 1065 2288 1186 2316; x_wconf 85' lang='lat' dir='ltr'>luxam</span> <span class='ocrx_word' id='word_1_387' title='bbox 1208 2287 1266 2316; x_wconf 89' lang='grc' dir='ltr'>ΒΜ</span> <span class='ocrx_word' id='word_1_388' title='bbox 1356 2288 1465 2322; x_wconf 88' lang='lat' dir='ltr'>ponto</span> <span class='ocrx_word' id='word_1_389' title='bbox 1487 2283 1561 2322; x_wconf 57' lang='grc' dir='ltr'>ΕΒΖ,</span> <span class='ocrx_word' id='word_1_390' title='bbox 1585 2288 1699 2323; x_wconf 83' lang='lat' dir='ltr'>pondo</span> 
     </span>
     <span class='ocr_line' id='line_1_37' title="bbox 154 2334 1696 2377; baseline -0.001 -9"><span class='ocrx_word' id='word_1_391' title='bbox 154 2339 213 2368; x_wconf 91' lang='grc' dir='ltr'>ΒΜ</span> <span class='ocrx_word' id='word_1_392' title='bbox 302 2335 455 2367; x_wconf 78' lang='lat' dir='ltr'>litoribus</span> <span class='ocrx_word' id='word_1_393' title='bbox 471 2336 583 2373; x_wconf 77' lang='lat' dir='ltr'>nouis,</span> <span class='ocrx_word' id='word_1_394' title='bbox 598 2336 698 2368; x_wconf 87' lang='lat' dir='ltr'>iactis</span> <span class='ocrx_word' id='word_1_395' title='bbox 714 2336 750 2367; x_wconf 88' lang='lat' dir='ltr'>in</span> <span class='ocrx_word' id='word_1_396' title='bbox 767 2335 880 2367; x_wconf 86' lang='lat' dir='ltr'>altum</span> <span class='ocrx_word' id='word_1_397' title='bbox 893 2335 1053 2367; x_wconf 87' lang='lat' dir='ltr'>molibus.</span> <span class='ocrx_word' id='word_1_398' title='bbox 1102 2334 1179 2368; x_wconf 86' lang='lat' dir='ltr'>Sen.</span> <span class='ocrx_word' id='word_1_399' title='bbox 1195 2345 1248 2377; x_wconf 90' lang='lat' dir='ltr'>ep.</span> <span class='ocrx_word' id='word_1_400' title='bbox 1268 2335 1311 2367; x_wconf 90' lang='lat'>89</span> <span class='ocrx_word' id='word_1_401' title='bbox 1327 2335 1366 2367; x_wconf 88' lang='grc'>21</span> <span class='ocrx_word' id='word_1_402' title='bbox 1384 2334 1556 2367; x_wconf 69' lang='lat' dir='ltr'>uobiscum</span> <span class='ocrx_word' id='word_1_403' title='bbox 1572 2335 1696 2376; x_wconf 80' lang='lat' dir='ltr'>loquor,</span> 
     </span>
     <span class='ocr_line' id='line_1_38' title="bbox 151 2386 1705 2428; baseline 0 -9"><span class='ocrx_word' id='word_1_404' title='bbox 151 2396 293 2428; x_wconf 81' lang='lat' dir='ltr'>quorum</span> <span class='ocrx_word' id='word_1_405' title='bbox 309 2410 316 2419; x_wconf 91' lang='lat'>.</span> <span class='ocrx_word' id='word_1_406' title='bbox 336 2410 344 2419; x_wconf 89' lang='lat'><strong>.</strong></span> <span class='ocrx_word' id='word_1_407' title='bbox 363 2411 371 2419; x_wconf 89' lang='lat'><strong>.</strong></span> <span class='ocrx_word' id='word_1_408' title='bbox 389 2387 536 2427; x_wconf 77' lang='lat' dir='ltr'>spatiose</span> <span class='ocrx_word' id='word_1_409' title='bbox 561 2386 718 2419; x_wconf 63' lang='lat' dir='ltr'>luz-uria</span> <span class='ocrx_word' id='word_1_410' title='bbox 734 2411 742 2419; x_wconf 90' lang='lat'><em>.</em></span> <span class='ocrx_word' id='word_1_411' title='bbox 761 2411 769 2418; x_wconf 96' lang='lat'>.</span> <span class='ocrx_word' id='word_1_412' title='bbox 788 2410 797 2419; x_wconf 91' lang='lat'><em>.</em></span> <span class='ocrx_word' id='word_1_413' title='bbox 815 2387 1022 2428; x_wconf 84' lang='lat' dir='ltr'>diffunditur</span> <span class='ocrx_word' id='word_1_414' title='bbox 1039 2396 1050 2418; x_wconf 91' lang='grc'>.·</span> <span class='ocrx_word' id='word_1_415' title='bbox 1066 2410 1074 2418; x_wconf 93' lang='grc'><strong>.</strong></span> <span class='ocrx_word' id='word_1_416' title='bbox 1093 2410 1100 2418; x_wconf 93' lang='grc'><strong>.</strong></span> <span class='ocrx_word' id='word_1_417' title='bbox 1120 2410 1128 2419; x_wconf 90' lang='grc'><strong>.</strong></span> <span class='ocrx_word' id='word_1_418' title='bbox 1147 2386 1344 2427; x_wconf 82' lang='lat' dir='ltr'>ubicumque</span> <span class='ocrx_word' id='word_1_419' title='bbox 1361 2386 1400 2418; x_wconf 86' lang='lat' dir='ltr'>in</span> <span class='ocrx_word' id='word_1_420' title='bbox 1424 2386 1570 2428; x_wconf 79' lang='lat' dir='ltr'>aliquem</span> <span class='ocrx_word' id='word_1_421' title='bbox 1586 2388 1705 2419; x_wconf 77' lang='lat' dir='ltr'>sinum</span> 
     </span>
     <span class='ocr_line' id='line_1_39' title="bbox 156 2437 1702 2480; baseline 0 -10"><span class='ocrx_word' id='word_1_422' title='bbox 156 2438 251 2470; x_wconf 80' lang='lat' dir='ltr'>litus</span> <span class='ocrx_word' id='word_1_423' title='bbox 271 2437 478 2476; x_wconf 72' lang='lat' dir='ltr'>cmmbitur,</span> <span class='ocrx_word' id='word_1_424' title='bbox 495 2448 556 2469; x_wconf 76' lang='lat' dir='ltr'>uos</span> <span class='ocrx_word' id='word_1_425' title='bbox 574 2438 733 2479; x_wconf 72' lang='lat' dir='ltr'>protinus</span> <span class='ocrx_word' id='word_1_426' title='bbox 748 2437 974 2479; x_wconf 83' lang='lat' dir='ltr'>fundamenta</span> <span class='ocrx_word' id='word_1_427' title='bbox 999 2438 1139 2475; x_wconf 78' lang='lat' dir='ltr'>iacietis,</span> <span class='ocrx_word' id='word_1_428' title='bbox 1162 2447 1220 2469; x_wconf 86' lang='lat' dir='ltr'>nec</span> <span class='ocrx_word' id='word_1_429' title='bbox 1245 2437 1389 2469; x_wconf 81' lang='lat' dir='ltr'>contenti</span> <span class='ocrx_word' id='word_1_430' title='bbox 1409 2437 1488 2470; x_wconf 77' lang='lat' dir='ltr'>solo</span> <span class='ocrx_word' id='word_1_431' title='bbox 1509 2438 1581 2470; x_wconf 84' lang='lat' dir='ltr'>nisi</span> <span class='ocrx_word' id='word_1_432' title='bbox 1605 2438 1702 2480; x_wconf 77' lang='lat' dir='ltr'>quod</span> 
     </span>
     <span class='ocr_line' id='line_1_40' title="bbox 155 2488 1703 2531; baseline -0.001 -9"><span class='ocrx_word' id='word_1_433' title='bbox 155 2499 273 2522; x_wconf 85' lang='lat' dir='ltr'>manu</span> <span class='ocrx_word' id='word_1_434' title='bbox 293 2489 473 2531; x_wconf 71' lang='lat' dir='ltr'>feceritis</span> <span class='ocrx_word' id='word_1_435' title='bbox 505 2499 606 2521; x_wconf 84' lang='lat' dir='ltr'>mare</span> <span class='ocrx_word' id='word_1_436' title='bbox 638 2490 760 2530; x_wconf 77' lang='lat' dir='ltr'>ayetis</span> <span class='ocrx_word' id='word_1_437' title='bbox 794 2490 998 2527; x_wconf 72' lang='lat' dir='ltr'>introrsus,</span> <span class='ocrx_word' id='word_1_438' title='bbox 1032 2489 1144 2531; x_wconf 90' lang='lat' dir='ltr'>Apoll.</span> <span class='ocrx_word' id='word_1_439' title='bbox 1184 2488 1254 2521; x_wconf 77' lang='lat' dir='ltr'>sid.</span> <span class='ocrx_word' id='word_1_440' title='bbox 1283 2499 1388 2521; x_wconf 85' lang='lat' dir='ltr'>carm.</span> <span class='ocrx_word' id='word_1_441' title='bbox 1423 2498 1452 2521; x_wconf 87' lang='lat'>11</span> <span class='ocrx_word' id='word_1_442' title='bbox 1485 2491 1526 2522; x_wconf 90' lang='lat'>57</span> <span class='ocrx_word' id='word_1_443' title='bbox 1556 2499 1606 2531; x_wconf 89' lang='lat' dir='ltr'>sq.</span> <span class='ocrx_word' id='word_1_444' title='bbox 1634 2490 1703 2522; x_wconf 78' lang='lat' dir='ltr'>itur</span> 
     </span>
     <span class='ocr_line' id='line_1_41' title="bbox 155 2539 1702 2584; baseline 0 -13"><span class='ocrx_word' id='word_1_445' title='bbox 155 2542 195 2572; x_wconf 86' lang='lat' dir='ltr'>in</span> <span class='ocrx_word' id='word_1_446' title='bbox 226 2550 347 2582; x_wconf 83' lang='lat' dir='ltr'>aequor</span> <span class='ocrx_word' id='word_1_447' title='bbox 367 2539 372 2584; x_wconf 87' lang='grc' dir='ltr'>Ι</span> <span class='ocrx_word' id='word_1_448' title='bbox 392 2540 535 2573; x_wconf 78' lang='lat' dir='ltr'>molibus</span> <span class='ocrx_word' id='word_1_449' title='bbox 573 2544 601 2572; x_wconf 87' lang='lat' dir='ltr'>et</span> <span class='ocrx_word' id='word_1_450' title='bbox 634 2544 756 2573; x_wconf 80' lang='lat' dir='ltr'>ueteres</span> <span class='ocrx_word' id='word_1_451' title='bbox 789 2540 903 2572; x_wconf 79' lang='lat' dir='ltr'>tellus</span> <span class='ocrx_word' id='word_1_452' title='bbox 935 2550 1036 2572; x_wconf 86' lang='lat' dir='ltr'>noua</span> <span class='ocrx_word' id='word_1_453' title='bbox 1071 2540 1235 2572; x_wconf 76' lang='lat' dir='ltr'>contrahit</span> <span class='ocrx_word' id='word_1_454' title='bbox 1266 2541 1387 2572; x_wconf 75' lang='lat' dir='ltr'>undas.</span> <span class='ocrx_word' id='word_1_455' title='bbox 1435 2541 1527 2572; x_wconf 90' lang='lat' dir='ltr'>hunc</span> <span class='ocrx_word' id='word_1_456' title='bbox 1563 2551 1702 2573; x_wconf 84' lang='lat' dir='ltr'>uersum</span> 
     </span>
     <span class='ocr_line' id='line_1_42' title="bbox 154 2591 1701 2634; baseline -0.001 -10"><span class='ocrx_word' id='word_1_457' title='bbox 154 2593 250 2634; x_wconf 90' lang='lat' dir='ltr'>prius</span> <span class='ocrx_word' id='word_1_458' title='bbox 281 2592 422 2624; x_wconf 83' lang='lat' dir='ltr'>Horatii</span> <span class='ocrx_word' id='word_1_459' title='bbox 450 2602 558 2633; x_wconf 80' lang='lat' dir='ltr'>quam</span> <span class='ocrx_word' id='word_1_460' title='bbox 588 2592 722 2624; x_wconf 84' lang='lat' dir='ltr'>Manilii</span> <span class='ocrx_word' id='word_1_461' title='bbox 751 2591 901 2624; x_wconf 87' lang='lat' dir='ltr'>editores</span> <span class='ocrx_word' id='word_1_462' title='bbox 931 2594 1024 2623; x_wconf 87' lang='lat' dir='ltr'>recte</span> <span class='ocrx_word' id='word_1_463' title='bbox 1054 2591 1275 2633; x_wconf 85' lang='lat' dir='ltr'>interpretati</span> <span class='ocrx_word' id='word_1_464' title='bbox 1305 2594 1400 2630; x_wconf 90' lang='lat' dir='ltr'>sunt,</span> <span class='ocrx_word' id='word_1_465' title='bbox 1430 2591 1581 2634; x_wconf 85' lang='lat' dir='ltr'>Scaliger</span> <span class='ocrx_word' id='word_1_466' title='bbox 1609 2592 1701 2623; x_wconf 89' lang='lat' dir='ltr'>enim</span> 
     </span>
     <span class='ocr_line' id='line_1_43' title="bbox 153 2642 1701 2686; baseline -0.001 -10"><span class='ocrx_word' id='word_1_467' title='bbox 153 2645 292 2686; x_wconf 86' lang='lat' dir='ltr'>euripos</span> <span class='ocrx_word' id='word_1_468' title='bbox 316 2643 537 2676; x_wconf 82' lang='lat' dir='ltr'>intellexerat</span> <span class='ocrx_word' id='word_1_469' title='bbox 626 2644 691 2675; x_wconf 82' lang='lat'>264</span> <span class='ocrx_word' id='word_1_470' title='bbox 713 2643 909 2676; x_wconf 78' lang='lat' dir='ltr'>fabricandi</span> <span class='ocrx_word' id='word_1_471' title='bbox 934 2643 1080 2675; x_wconf 87' lang='lat' dir='ltr'>uerbum</span> <span class='ocrx_word' id='word_1_472' title='bbox 1099 2642 1186 2675; x_wconf 83' lang='lat' dir='ltr'>facit</span> <span class='ocrx_word' id='word_1_473' title='bbox 1212 2646 1253 2675; x_wconf 88' lang='lat' dir='ltr'>ut</span> <span class='ocrx_word' id='word_1_474' title='bbox 1278 2643 1371 2675; x_wconf 77' lang='lat' dir='ltr'>lacus</span> <span class='ocrx_word' id='word_1_475' title='bbox 1402 2646 1439 2675; x_wconf 90' lang='lat' dir='ltr'>et</span> <span class='ocrx_word' id='word_1_476' title='bbox 1456 2644 1608 2685; x_wconf 84' lang='lat' dir='ltr'>flumina</span> <span class='ocrx_word' id='word_1_477' title='bbox 1631 2653 1701 2674; x_wconf 91' lang='lat' dir='ltr'>non</span> 
     </span>
     <span class='ocr_line' id='line_1_44' title="bbox 155 2694 1701 2737; baseline -0.001 -10"><span class='ocrx_word' id='word_1_478' title='bbox 155 2705 246 2736; x_wconf 83' lang='lat' dir='ltr'>quae</span> <span class='ocrx_word' id='word_1_479' title='bbox 267 2695 433 2727; x_wconf 83' lang='lat' dir='ltr'>fodiendo</span> <span class='ocrx_word' id='word_1_480' title='bbox 456 2695 546 2727; x_wconf 89' lang='lat' dir='ltr'>fiunt</span> <span class='ocrx_word' id='word_1_481' title='bbox 568 2695 788 2737; x_wconf 85' lang='lat' dir='ltr'>interpreter,</span> <span class='ocrx_word' id='word_1_482' title='bbox 811 2695 872 2727; x_wconf 89' lang='lat' dir='ltr'>sed</span> <span class='ocrx_word' id='word_1_483' title='bbox 894 2695 1014 2736; x_wconf 88' lang='lat' dir='ltr'>quales</span> <span class='ocrx_word' id='word_1_484' title='bbox 1037 2694 1169 2726; x_wconf 88' lang='lat' dir='ltr'>Plinius</span> <span class='ocrx_word' id='word_1_485' title='bbox 1191 2694 1262 2727; x_wconf 89' lang='lat' dir='ltr'>n.h.</span> <span class='ocrx_word' id='word_1_486' title='bbox 1285 2703 1401 2726; x_wconf 74' lang='lat' dir='ltr'><strong>xxxvl</strong></span> <span class='ocrx_word' id='word_1_487' title='bbox 1425 2696 1485 2727; x_wconf 91' lang='grc'>121</span> <span class='ocrx_word' id='word_1_488' title='bbox 1510 2694 1701 2736; x_wconf 82' lang='lat' dir='ltr'>Agrippam</span> 
     </span>
     <span class='ocr_line' id='line_1_45' title="bbox 159 2745 1700 2788; baseline -0.001 -10"><span class='ocrx_word' id='word_1_489' title='bbox 159 2747 196 2778; x_wconf 90' lang='lat' dir='ltr'>in</span> <span class='ocrx_word' id='word_1_490' title='bbox 209 2746 388 2779; x_wconf 86' lang='lat' dir='ltr'>aedilitate</span> <span class='ocrx_word' id='word_1_491' title='bbox 406 2746 502 2778; x_wconf 86' lang='lat' dir='ltr'>lacus</span> <span class='ocrx_word' id='word_1_492' title='bbox 515 2755 590 2779; x_wconf 82' lang='lat' dir='ltr'>nco</span> <span class='ocrx_word' id='word_1_493' title='bbox 606 2746 727 2778; x_wconf 78' lang='lat' dir='ltr'>fecisse</span> <span class='ocrx_word' id='word_1_494' title='bbox 745 2745 851 2778; x_wconf 83' lang='lat' dir='ltr'>refert</span> <span class='ocrx_word' id='word_1_495' title='bbox 868 2749 904 2778; x_wconf 88' lang='lat' dir='ltr'>et</span> <span class='ocrx_word' id='word_1_496' title='bbox 921 2745 1059 2777; x_wconf 88' lang='lat' dir='ltr'>canales</span> <span class='ocrx_word' id='word_1_497' title='bbox 1072 2746 1247 2778; x_wconf 88' lang='lat' dir='ltr'>structiles</span> <span class='ocrx_word' id='word_1_498' title='bbox 1265 2756 1326 2787; x_wconf 89' lang='lat' dir='ltr'>per</span> <span class='ocrx_word' id='word_1_499' title='bbox 1343 2756 1431 2788; x_wconf 88' lang='lat' dir='ltr'>quos</span> <span class='ocrx_word' id='word_1_500' title='bbox 1448 2745 1575 2778; x_wconf 89' lang='lat' dir='ltr'>ductus</span> <span class='ocrx_word' id='word_1_501' title='bbox 1588 2755 1700 2786; x_wconf 87' lang='lat' dir='ltr'>aquae</span> 
     </span>
     <span class='ocr_line' id='line_1_46' title="bbox 157 2796 1703 2838; baseline 0 -10"><span class='ocrx_word' id='word_1_502' title='bbox 157 2797 231 2829; x_wconf 88' lang='lat' dir='ltr'>fieri</span> <span class='ocrx_word' id='word_1_503' title='bbox 254 2797 364 2830; x_wconf 84' lang='lat' dir='ltr'>tradit</span> <span class='ocrx_word' id='word_1_504' title='bbox 389 2798 570 2830; x_wconf 83' lang='lat' dir='ltr'>Vitruuius</span> <span class='ocrx_word' id='word_1_505' title='bbox 594 2806 663 2829; x_wconf 81' lang='lat' dir='ltr'>vnr</span> <span class='ocrx_word' id='word_1_506' title='bbox 687 2798 707 2829; x_wconf 89' lang='grc'><strong>6</strong></span> <span class='ocrx_word' id='word_1_507' title='bbox 734 2799 749 2829; x_wconf 91' lang='lat'>1</span> <span class='ocrx_word' id='word_1_508' title='bbox 842 2797 905 2828; x_wconf 85' lang='lat'>265</span> <span class='ocrx_word' id='word_1_509' title='bbox 929 2797 1130 2838; x_wconf 79' lang='lat' dir='ltr'>suspendere</span> <span class='ocrx_word' id='word_1_510' title='bbox 1154 2798 1190 2828; x_wconf 92' lang='lat' dir='ltr'>in</span> <span class='ocrx_word' id='word_1_511' title='bbox 1214 2797 1365 2829; x_wconf 80' lang='lat' dir='ltr'>castellis</span> <span class='ocrx_word' id='word_1_512' title='bbox 1393 2796 1561 2829; x_wconf 90' lang='lat' dir='ltr'>domuum</span> <span class='ocrx_word' id='word_1_513' title='bbox 1584 2797 1703 2838; x_wconf 85' lang='lat' dir='ltr'>priua·</span> 
     </span>
     <span class='ocr_line' id='line_1_47' title="bbox 156 2848 1593 2890; baseline -0.001 -9"><span class='ocrx_word' id='word_1_514' title='bbox 156 2852 285 2881; x_wconf 82' lang='lat' dir='ltr'>tarum.</span> <span class='ocrx_word' id='word_1_515' title='bbox 333 2848 519 2882; x_wconf 84' lang='lat' dir='ltr'>Stoeberus</span> <span class='ocrx_word' id='word_1_516' title='bbox 535 2849 658 2881; x_wconf 87' lang='lat' dir='ltr'>attulit</span> <span class='ocrx_word' id='word_1_517' title='bbox 673 2849 783 2881; x_wconf 86' lang='lat' dir='ltr'>Rutil.</span> <span class='ocrx_word' id='word_1_518' title='bbox 802 2849 904 2881; x_wconf 84' lang='lat' dir='ltr'>Nam.</span> <span class='ocrx_word' id='word_1_519' title='bbox 922 2858 935 2881; x_wconf 91' lang='lat'>1</span> <span class='ocrx_word' id='word_1_520' title='bbox 951 2850 993 2881; x_wconf 89' lang='lat'>97</span> <span class='ocrx_word' id='word_1_521' title='bbox 1010 2849 1101 2881; x_wconf 82' lang='lat' dir='ltr'>aerio</span> <span class='ocrx_word' id='word_1_522' title='bbox 1114 2849 1318 2889; x_wconf 75' lang='lat' dir='ltr'>pendentes</span> <span class='ocrx_word' id='word_1_523' title='bbox 1340 2848 1471 2890; x_wconf 83' lang='lat' dir='ltr'>fornice</span> <span class='ocrx_word' id='word_1_524' title='bbox 1487 2848 1593 2880; x_wconf 79' lang='lat' dir='ltr'>riuos</span> 
     </span>
    </p>
   </div>
  </div>
 </body>
</html>
