1872 3183
585 150 1071 195 ASTRONOMICON
1102 150 1168 191 IV
1586 149 1638 188 61

141 269 230 303 501a
268 263 528 305 Saturnusue
548 277 668 304 suam
687 262 862 317 glaciem
882 260 1086 303 Phoebeae
1102 259 1350 315 propinquis

270 351 384 392 quern
405 336 529 378 trahit
549 351 575 378 a
597 337 713 378 terris
734 349 862 377 rorem
884 335 1133 377 Phoebusue
1154 334 1324 375 calores.
1512 329 1601 369 501b

321 419 396 453 nec
416 416 460 453 te
478 411 687 466 perceptis
706 410 919 465 signorum
938 423 1038 450 cura
1057 408 1268 463 relinquat

270 485 463 540 partibus
482 500 490 527 :
526 485 571 526 in
589 490 758 539 tempus
777 483 988 539 quaedam
1008 487 1242 531 mutantur,
1264 486 1307 523 et
1326 485 1423 522 ortu

268 559 481 614 accipiunt
499 559 689 614 proprias
709 558 818 600 uires
837 557 1032 612 ultraque
1051 556 1290 598 remittunt.

144 641 212 672 505
321 647 517 688 namque,
539 632 612 674 ubi
632 647 674 674 se
695 632 870 674 summis
889 632 1008 672 Aries
1029 630 1203 672 extollet
1223 630 1277 671 ab
1296 628 1420 670 undis

104 764 216 798 signis
240 765 285 799 Μ,
302 771 445 794 mauors
470 765 569 800 ignes
593 765 618 793 G
707 761 849 800 rapidus
872 770 913 791 eo
937 769 1039 791 sensu
1063 759 1206 800 ponitur
1223 767 1292 798 quo
1317 765 1330 787 1
1355 756 1419 787 869
1439 754 1583 794 rapido.
1604 777 1611 784 .
1632 776 1639 783 .

101 815 208 850 aestu,
235 812 335 854 Verg„
361 823 473 854 georg.
501 821 539 844 1v
565 813 630 844 425
655 812 797 852 rapidus
821 815 946 842 torrens
971 811 1116 842 sitientis
1139 809 1256 840 Sirius
1283 808 1399 844 Indos,
1425 806 1526 838 aliter
1550 805 1643 836 enim

105 862 207 895 Silius
230 872 295 894 XIV
318 864 379 896 132
402 863 545 903 rapidus
570 863 714 894 Mauors
804 863 864 893 501
882 872 924 894 ue
941 871 1041 893 suam
1058 861 1246 897 Remmius,
1264 863 1379 891 sumet
1394 862 1453 894 GL,
1470 860 1582 889 fumet
1597 859 1641 887 M.

105 915 283 955 proprium
309 914 450 946 Saturni
475 924 515 945 ac
540 915 700 945 natiuum
726 913 833 955 frigus
857 916 921 950 est,
944 912 1038 953 quod
1063 914 1186 943 contra
1211 910 1309 941 Luna
1331 918 1487 940 umorem
1509 918 1530 938 a
1551 910 1644 938 terra

105 965 220 996 uicina
236 965 343 996 ducit.
392 965 488 997 Paul.
510 965 607 996 Alex.
628 965 645 995 I
663 966 727 997 3—4
746 967 761 996 ὁ
781 967 838 1003 μὲν
862 968 916 996 τοῦ
941 967 1063 1005 Κρόνου
1086 966 1188 1003 ἀστὴρ
1211 963 1416 1002 ἐκληρώσατο
1438 962 1496 998 τὴν
1515 960 1642 999 πρώτην

106 1019 157 1047 καὶ
175 1019 327 1048 ἀνωτάτω
342 1019 456 1056 ζώνην,
473 1019 681 1057 κατάψυχρον
699 1019 795 1048 οὖσαν
813 1018 863 1047 καὶ
880 1018 1026 1054 κειμένην
1044 1017 1076 1046 ἐν
1096 1014 1140 1054 τῷ
1156 1016 1264 1054 πάγῳ·
1283 1037 1290 1044 .
1311 1036 1318 1043 .
1338 1036 1345 1043 .
1365 1014 1422 1050 τὴν
1441 1013 1472 1042 δὲ
1490 1012 1641 1051 ἑβδόμην,

132 1091 140 1098 .
159 1090 167 1098 .
188 1069 285 1108 ὑγρὰν
303 1070 399 1099 οὖσαν
417 1070 469 1100 καὶ
490 1070 724 1109 περιγειοτέραν
749 1069 860 1106 ζώνην,
885 1069 905 1105 ὴ
928 1069 1140 1108 κραταιοτάτη
1164 1067 1299 1103 Σελήνη.
1349 1062 1439 1094 Ptol.
1463 1064 1542 1093 tetr.
1567 1071 1599 1101 p.
1624 1061 1644 1091 5

106 1120 126 1157 ὴ
150 1121 183 1150 δὲ
206 1121 331 1158 Σελήνη
354 1122 391 1151 τὸ
413 1122 470 1158 μὲν
495 1122 593 1151 πλέον
616 1122 682 1158 ἔχει
698 1121 759 1158 τῆσ
777 1120 941 1157 δυνάμεωσ
958 1122 990 1150 ἐν
1007 1118 1050 1158 τῷ
1073 1119 1242 1157 ὑγραίνειν,
1268 1118 1317 1146 διὰ
1339 1117 1395 1153 τὴν
1421 1114 1645 1154 περιγειότητα

110 1171 255 1208 δηλονότι
288 1173 339 1202 καὶ
367 1173 425 1209 τὴν
453 1173 515 1202 τῶν
545 1173 647 1210 ὑγρῶν
677 1172 896 1208 ἀναθυμίασιν.
947 1168 1036 1200 adde
1065 1168 1156 1199 Plut.
1182 1167 1224 1198 de
1247 1166 1312 1198 fac.
1343 1166 1379 1196 in
1406 1164 1478 1196 orb.
1504 1164 1574 1195 lun.
1603 1163 1646 1194 25

107 1222 226 1259 18-22,
256 1225 389 1262 quaest.
419 1232 519 1253 conu.
548 1230 591 1253 111
619 1222 659 1253 10
687 1223 727 1253 14
755 1231 819 1262 sq.,
849 1221 1029 1261 Hermipp.
1058 1221 1096 1251 71
1125 1222 1162 1251 τὸ
1187 1221 1252 1250 ἀπὸ
1276 1220 1338 1256 τῆσ
1365 1218 1514 1254 Σελήνησ
1537 1216 1642 1254 ὑγρόν,

106 1271 210 1303 Macr.
243 1273 315 1305 Sat.
347 1281 400 1304 vn
432 1273 472 1304 16
502 1274 541 1304 21
573 1273 736 1313 quaedam
768 1275 892 1303 natura
921 1275 966 1302 est
999 1271 1134 1308 lumini,
1162 1270 1248 1310 quod
1277 1270 1315 1300 de
1345 1278 1382 1299 ea
1409 1266 1534 1308 defluit,
1563 1275 1646 1306 quae

107 1326 242 1355 umectet
265 1333 404 1363 corpora
429 1327 457 1355 et
480 1324 572 1355 uelut
591 1323 714 1355 occulto
734 1333 804 1354 rore
829 1321 1040 1363 madefaciat,
1058 1321 1140 1353 Isid.
1167 1323 1239 1352 nat.
1265 1328 1359 1351 xvnI
1385 1319 1404 1350 6
1428 1319 1530 1349 Luna
1553 1316 1647 1356 larya

102 1378 153 1405 <est
172 1375 258 1406 roris
277 1378 305 1406 et
324 1376 392 1406 dux
411 1375 597 1406 ‘amentium
616 1374 890 1411 substantiarum,
911 1373 1037 1414 Egnat.
1060 1383 1114 1413 ap.
1136 1372 1240 1403 Macr.
1264 1371 1335 1403 Sat.
1357 1379 1395 1401 VI
1415 1370 1435 1400 5
1458 1369 1497 1400 12
1517 1367 1648 1399 roscida

107 1450 115 1456 .
136 1450 142 1456 .
162 1450 169 1457 .
189 1425 327 1464 Phoebe,
350 1426 448 1467 Verg.
470 1436 583 1467 georg.
606 1435 649 1456 111
672 1427 735 1457 337
762 1425 891 1456 roscida
916 1424 1027 1461 Luna,
1051 1424 1165 1455 Nonn.
1191 1423 1292 1453 Dion.
1313 1430 1362 1452 XL
1381 1421 1445 1453 376
1471 1421 1646 1460 δροσόεσσα

108 1479 234 1515 Σελήνη
325 1480 459 1509 calores
481 1476 556 1514 GL2,
581 1480 713 1508 colores
733 1480 767 1513 L,
789 1486 829 1508 ca
848 1480 986 1507 labores
1007 1479 1050 1506 M.
1097 1474 1220 1505 calores
1243 1473 1339 1510 dicit,
1363 1472 1446 1512 quia
1467 1470 1648 1502 siccitatem

106 1538 177 1559 non
190 1530 319 1569 potest,
334 1537 549 1568 quamquam
563 1527 692 1559 calores
707 1527 751 1558 ab
764 1527 902 1568 ignibus
916 1537 948 1558 u.
965 1527 1030 1558 500
1043 1525 1323 1557 commemoratis
1337 1533 1407 1554 non
1421 1522 1507 1554 satis
1520 1520 1649 1553 diuersi

107 1578 280 1610 uidentur.
328 1588 470 1618 uapores
486 1579 676 1616 Bentleius,
693 1588 780 1619 quos
796 1578 874 1609 uult
889 1588 961 1609 esse
977 1580 1013 1609 et
1028 1577 1221 1608 siccitatem
1238 1579 1285 1613 et,
1302 1585 1405 1616 quem
1422 1576 1514 1605 recte
1530 1572 1649 1604 deesse

103 1630 225 1668 sensit,
253 1640 409 1661 umorem
424 1642 433 1668 ς
473 1629 545 1667 sed,
573 1632 613 1661 ut
639 1633 755 1661 cetera
781 1632 928 1666 taceam,
957 1628 1014 1660 Sol
1041 1638 1196 1660 umorem
1223 1626 1366 1658 iaculari
1391 1625 1515 1666 nequit

151 1681 303 1712 502—584
319 1691 409 1722 quae
426 1681 602 1723 signorum
619 1684 737 1722 partes
753 1681 789 1712 in
806 1681 881 1721 ipso
902 1679 1034 1711 oriendi
1051 1683 1207 1721 tempore
1224 1681 1337 1709 certas
1354 1678 1444 1708 uires
1461 1676 1647 1717 accipiant,

106 1735 230 1774 postea
259 1732 455 1770 dimittant,
487 1732 676 1773 qualesque
707 1731 1020 1773 horoscopantibus
1050 1732 1099 1762 eis
1130 1733 1320 1761 nascantur
1350 1728 1517 1759 homines.
1565 1728 1650 1757 sunt

106 1787 226 1816 autem
252 1787 370 1825 partes
395 1784 523 1816 Arietis
548 1783 653 1815 Tauri
680 1783 804 1815 Leonis
830 1783 979 1824 Virginis
1006 1782 1129 1814 Librae
1155 1781 1300 1822 Aquarii
1326 1780 1477 1811 Piscium
1503 1778 1648 1820 primae,

107 1836 251 1867 ultimae
277 1835 410 1877 Scorpii
434 1838 471 1867 et
496 1835 706 1876 Capricorni,
733 1834 958 1867 Geminorum
984 1834 1105 1866 Cancri
1132 1832 1311 1874 Sagittarii
1338 1834 1401 1862 aut
1426 1829 1560 1861 mediae
1587 1831 1650 1860 aut

107 1889 199 1919 certe
218 1897 289 1918 non
307 1889 494 1918 extremae.
541 1896 585 1917 ne
604 1886 693 1917 hanc
713 1886 854 1927 quidem
873 1885 1069 1917 doctrinam
1088 1887 1334 1926 praeterquam
1353 1881 1448 1924 apud
1467 1880 1649 1912 Manilium

108 1938 226 1970 inueni
316 1938 380 1968 502
400 1947 463 1970 nec
484 1939 549 1974 GL,
571 1947 614 1970 ne
635 1940 680 1975 Μ,
701 1937 786 1968 mihi
807 1940 956 1978 utroque
976 1936 1086 1977 magis
1106 1935 1221 1977 placet
1241 1944 1318 1972 neu,
1338 1933 1404 1965 hoc
1424 1935 1478 1964 est
1499 1935 1537 1969 et,
1558 1941 1600 1962 ne
1620 1934 1650 1962 te

107 1998 189 2020 cura
206 1988 383 2028 relinquat,
402 1988 440 2019 in
458 1991 588 2028 tempus
605 1988 768 2028 quaedam
786 1991 981 2019 mutantur:
1013 1986 1093 2018 uide
1112 1986 1157 2018 ad
1176 1995 1189 2017 1
1208 1986 1273 2018 904
1291 1988 1328 2017 et
1346 1993 1374 2016 11
1393 1985 1455 2016 951
1477 1983 1650 2014 adnotata

198 2040 260 2070 503
274 2040 436 2080 quaedam
448 2042 578 2081 partes,
592 2042 634 2070 ut
647 2040 683 2070 in
697 2039 860 2071 Classical
875 2038 1059 2079 Quarterly
1074 2048 1129 2069 an.
1149 2038 1233 2069 1913
1248 2047 1305 2078 pp.
1325 2036 1387 2067 110
1402 2045 1451 2076 sq.
1469 2033 1648 2070 admonui,

104 2100 187 2122 cum
209 2090 400 2132 superiores
421 2093 483 2121 aut
503 2089 640 2121 silentio
661 2089 775 2121 locum
796 2089 1055 2130 praeteriissent
1075 2091 1137 2120 aut
1157 2088 1255 2129 signa
1274 2086 1538 2122 intellexissent,
1560 2084 1651 2115 sicut

110 2142 145 2172 in
170 2141 266 2173 libris
290 2141 406 2173 uersui
431 2142 495 2173 502
520 2140 694 2182 praefixus
719 2144 772 2172 est
797 2139 921 2172 titulus
946 2139 1090 2171 orientia
1113 2139 1211 2179 signa
1235 2138 1317 2178 quid
1340 2137 1492 2179 efficiant.
1541 2144 1649 2176 quam

109 2193 434 2233 interpretationem
450 2191 575 2223 falsam
593 2201 665 2223 esse
683 2191 738 2222 uel
754 2201 796 2222 ex
814 2201 854 2222 eo
871 2193 972 2233 patet
988 2189 1082 2232 quod
1099 2200 1169 2221 non
1186 2189 1229 2220 de
1246 2187 1457 2229 quibusdam
1470 2196 1591 2218 uerum
1606 2184 1649 2216 de

108 2243 271 2275 omnibus
299 2252 354 2274 XII
379 2243 484 2284 signis
509 2242 665 2274 uersibus
694 2243 848 2274 505—584
877 2242 1099 2282 praecipitur.
1151 2250 1275 2281 neque,
1306 2240 1334 2271 si
1360 2239 1403 2270 de
1433 2238 1518 2270 totis
1546 2237 1651 2278 signis

109 2295 341 2326 mutationem
375 2293 606 2326 subeuntibus
640 2293 725 2325 haec
759 2293 967 2329 dicerentur,
1002 2302 1094 2323 nunc
1129 2291 1281 2328 demum,
1316 2293 1397 2332 post
1431 2289 1581 2320 decanos
1615 2290 1652 2319 et

108 2346 323 2387 singularum
341 2345 495 2387 partium
512 2345 755 2387 proprietates,
774 2343 921 2375 dicenda
938 2342 1091 2379 fuerunt,
1111 2342 1170 2374 sed
1189 2342 1310 2373 statim
1329 2340 1486 2372 uersibus
1507 2340 1648 2371 122-291

110 2396 312 2429 subicienda
401 2396 466 2427 504
491 2396 581 2427 ultra
607 2396 788 2432 remittunt,
816 2397 898 2436 post
929 2397 1045 2426 ortum
1074 2393 1255 2435 deponunt
1345 2391 1495 2423 505-517
1523 2391 1652 2422 Arietis

108 2448 253 2485 ceruice,
275 2457 365 2488 quae
385 2447 498 2489 prima.
518 2448 592 2479 eius
612 2457 692 2489 pars
713 2449 778 2484 est,
800 2446 931 2477 oriente
952 2448 1144 2476 nascuntur
1164 2443 1292 2485 cupidi,
1315 2452 1468 2484 rapaces,
1491 2441 1652 2478 audaces,

111 2499 174 2530 otii
190 2498 332 2535 inimici,
345 2498 586 2539 peregrinandi
604 2497 708 2528 auidi.
757 2496 851 2528 haud
869 2495 1081 2527 dissimiliter
1098 2495 1266 2526 Firmicus
1284 2503 1351 2525 vnI
1371 2494 1410 2525 19
1432 2494 1447 2524 1
1470 2492 1507 2523 in
1524 2491 1652 2523 Arietis

110 2553 205 2590 parte
229 2556 264 2579 ΙΙ
283 2549 481 2590 quicumque
496 2548 671 2580 habuerint
688 2549 914 2588 horoscopum,
933 2550 1028 2578 erunt
1050 2549 1257 2577 contumaces
1274 2544 1369 2586 sures
1392 2547 1421 2575 et
1443 2544 1501 2584 qui
1523 2552 1652 2582 semper

109 2603 320 2642 praepostero
339 2599 455 2641 furore
477 2603 677 2640 yrassentur,
703 2599 913 2631 domicilium
940 2608 1040 2629 suum
1066 2598 1110 2629 ad
1139 2597 1333 2637 pereyrinas
1364 2596 1512 2635 reqiones
1542 2598 1650 2626 trans-

100 2652 249 2693 ,jerentes
339 2651 400 2682 505
418 2655 566 2684 extollet
581 2651 740 2688 Iacobus,
760 2653 900 2683 extollit
916 2649 1004 2686 libri,
1023 2648 1150 2690 quibus
1167 2650 1340 2689 quantum
1358 2645 1583 2678 tribuendum
1606 2646 1653 2677 sit

109 2705 176 2746 ipsi
194 2701 386 2735 ostendunt
403 2713 436 2734 u.
456 2703 521 2734 508
539 2703 642 2734 soluet
659 2702 770 2739 soluit,
790 2703 854 2733 510
872 2704 947 2732 ruat
964 2701 1033 2732 ruit
1049 2703 1131 2738 ruet,
1150 2700 1214 2732 523
1233 2699 1390 2730 accedunt
1407 2698 1567 2736 accedent,
1586 2698 1652 2730 526

111 2755 267 2797 producet
285 2754 450 2794 producit,
472 2755 536 2786 538
558 2754 714 2793 inmeryet
735 2753 899 2793 immeruit,
921 2753 985 2784 553
1006 2751 1092 2783 tollet
1111 2751 1206 2788 tollit,
1228 2751 1292 2782 556
1313 2749 1467 2782 describet
1488 2749 1652 2787 describit,

113 2807 178 2838 558
203 2806 312 2838 reddet
335 2805 452 2842 reddit,
478 2806 543 2836 562
568 2806 661 2836 ducet
685 2805 786 2841 ducit,
811 2805 875 2835 563
900 2806 1018 2834 statuet
1042 2803 1168 2840 statuit,
1189 2805 1290 2833 uertet
1314 2800 1412 2832 uertit
1435 2799 1650 2833 exhibentes.

110 2857 179 2890 illis
199 2856 257 2889 ubi
275 2856 399 2889 extollit
417 2859 446 2888 et
464 2855 524 2887 ibit
542 2857 640 2897 paria
658 2865 728 2887 non
747 2859 829 2887 sunt
849 2865 937 2896 quae
958 2853 1113 2886 uersibus
1132 2863 1160 2885 11
1179 2854 1255 2891 328,
1276 2853 1339 2885 337
1359 2862 1423 2893 sq.,
1441 2860 1483 2883 111
1503 2852 1567 2884 345
1587 2862 1651 2893 sq.,
