1872 3183
186 161 240 201 38
775 158 837 200 M.
870 157 1123 200 MANILII

400 269 477 311 hos
496 269 694 311 tribuunt
712 283 849 310 mores
869 273 999 324 atque
1018 269 1095 311 has
1114 268 1389 311 nascentibus
1409 272 1521 310 artes

347 343 411 385 bis
430 358 505 385 sex
523 342 702 385 materia
720 342 891 398 propria
910 343 1116 398 pollentia
1136 343 1268 399 signa.

401 418 474 459 sed
493 417 600 459 nihil
618 418 662 458 in
682 422 816 459 semet
835 422 980 459 totum
999 417 1116 459 ualet
1135 432 1143 459 :
1180 417 1322 459 omnia
1341 416 1450 458 uires

223 500 291 532 295
346 506 444 535 cum
462 492 588 534 certis
608 492 773 534 sociant
792 491 919 547 signis
940 491 1019 533 sub
1038 491 1233 546 partibus
1252 491 1398 547 aequis

347 572 391 608 et
409 566 529 609 uelut
547 566 733 622 hospitio
753 566 902 608 mundi
921 566 1174 608 commercia
1193 567 1376 622 iungunt

346 641 669 696 conceduntque
689 655 786 682 suas
805 641 940 696 partis
959 640 1240 683 retinentibus
1260 640 1399 682 astris.

346 730 477 771 quam
495 720 663 772 partem
684 715 834 758 Graiae
854 715 996 757 dixere
1016 715 1215 758 decanica
1234 720 1395 771 gentes

181 878 222 907 ut
246 876 381 917 optima
404 874 508 906 lectio
532 875 662 906 maiore
685 874 853 906 librorum
878 875 1089 906 auctoritate
1114 874 1270 906 stabilita
1295 874 1432 905 sordere
1456 873 1595 911 debeat,
1621 882 1730 914 quam

180 928 322 968 insuper
338 926 548 958 confirmant
566 925 643 958 Sen.
663 926 706 957 de
724 926 801 957 ben.
822 935 834 957 1
852 927 873 957 5
891 927 910 957 5
928 926 1119 957 ministeria
1136 950 1142 957 .
1163 950 1169 957 .
1190 950 1197 957 .
1214 935 1275 965 per
1292 935 1374 966 quae
1391 936 1425 957 se
1442 925 1600 957 uoluntas
1617 924 1729 956 amica

182 978 336 1018 explicat,
357 987 386 1009 11
406 979 426 1009 5
447 979 467 1008 4
487 980 719 1018 arqumentum
738 977 866 1008 amicae
885 977 1083 1014 uoluntatis,
1099 976 1183 1008 Gell.
1205 986 1269 1008 xiv
1289 978 1309 1009 3
1329 977 1349 1009 3
1369 986 1437 1008 non
1456 976 1606 1007 sincerae
1624 984 1730 1015 neque

180 1029 309 1060 amicae
334 1028 519 1060 uoluntatis
545 1028 721 1060 indicium.
770 1028 944 1065 Manilius,
959 1031 1012 1073 *ut
1038 1029 1108 1059 iam
1135 1028 1218 1065 dixi,
1245 1028 1281 1059 in
1307 1028 1372 1059 hac
1398 1030 1498 1069 parte
1524 1026 1729 1068 disciplinae

180 1083 255 1112 tam
274 1090 388 1122 pauca
406 1080 514 1112 habet
533 1090 613 1111 cum
632 1080 707 1111 aliis
727 1079 985 1111 mathematicis
1005 1079 1204 1111 eommunia
1223 1082 1263 1110 ut
1281 1089 1394 1120 neque
1413 1079 1570 1119 uoluptas
1590 1089 1611 1110 a
1629 1078 1727 1110 Vett.

180 1132 255 1163 Val.
295 1142 329 1173 p.
369 1133 409 1164 13
446 1132 466 1162 8
503 1134 642 1172 ἑρωτικοὶ
660 1155 667 1162 .
687 1155 694 1162 .
714 1155 721 1162 .
742 1133 899 1171 ἀσελγεΐσ
933 1141 1046 1171 1100110
1084 1130 1243 1162 uoluntas
1279 1141 1300 1162 a
1334 1131 1439 1162 Firm.
1467 1139 1491 1162 v
1519 1131 1534 1162 1
1570 1130 1613 1162 32
1633 1129 1729 1170 fidus

179 1183 310 1214 amicas
325 1192 363 1214 ac
379 1182 586 1214 necessarius
602 1182 753 1213 multum
770 1181 1084 1213 commendationis
1101 1182 1251 1223 accipiat
1341 1182 1403 1213 293
1419 1181 1560 1213 materia
1572 1180 1728 1221 propria,

180 1244 243 1266 sua
272 1235 440 1275 cuiusque
468 1233 668 1265 substantia
697 1234 769 1265 sine
799 1234 926 1264 uirium
956 1233 1147 1264 alienarum
1177 1233 1404 1270 admixtione,
1434 1232 1477 1264 de
1505 1242 1577 1273 qua
1605 1233 1729 1264 statim

179 1286 338 1323 dicetur3
378 1286 563 1328 praecipue
590 1285 657 1316 huc
684 1285 868 1326 respicitur
893 1285 1051 1316 uersibus
1078 1285 1220 1317 378—86.
1268 1284 1410 1316 „ulteria
1435 1286 1730 1316 commemoratur

178 1338 215 1369 in
247 1337 426 1379 Sagittarii
457 1337 555 1378 signo
586 1345 615 1368 ΙΙ
649 1337 711 1368 189
743 1346 793 1377 30.
827 1336 938 1368 mollis
955 1361 962 1368 .
982 1360 990 1368 .
1010 1360 1016 1367 .
1036 1339 1130 1368 artus
1151 1335 1156 1379 l
1175 1336 1413 1377 materiamque
1445 1335 1616 1373 homini83
1660 1344 1725 1366 nec

180 1388 331 1420 multum
345 1387 474 1426 differt,
489 1387 584 1429 quod
599 1388 777 1420 Bentleius
791 1387 846 1419 hic
860 1387 1055 1425 substituit,
1070 1391 1204 1425 natura,
1219 1388 1284 1419 318
1297 1397 1348 1429 sq.
1364 1390 1487 1418 natura
1497 1397 1558 1427 per
1570 1389 1698 1418 astrum
1719 1384 1725 1429 Ι

179 1443 244 1472 stat
259 1443 369 1472 lamen
386 1443 413 1471 et
425 1440 586 1480 proprias
603 1440 714 1471 miscet
727 1449 788 1479 per
803 1439 940 1479 sinyula
955 1439 1046 1471 uires
1135 1439 1287 1470 294-386
1303 1439 1516 1480 praecipitur
1531 1438 1575 1470 de
1590 1448 1632 1470 ea
1647 1437 1727 1469 doc-

179 1492 292 1523 trinae
318 1491 589 1523 mathematicae
614 1493 714 1532 parte
740 1501 830 1532 quae
855 1491 960 1532 uulgo
986 1490 1197 1522 decanorum
1222 1491 1362 1522 nomine
1387 1490 1594 1532 appellatur.
1643 1489 1728 1521 duo-

179 1543 293 1575 decim
316 1544 415 1585 signa
439 1546 492 1574 ter
515 1543 666 1584 repetita
689 1543 775 1573 serie
799 1542 906 1573 denas
930 1542 1144 1583 singulorum
1168 1542 1345 1583 signorum
1369 1545 1487 1583 partes
1511 1541 1730 1573 tricensimas

179 1598 355 1636 occupant
374 1595 491 1634 eisque
511 1593 722 1635 praesident,
743 1596 784 1624 ut
803 1593 1079 1634 unumquodque
1098 1593 1235 1634 signum
1255 1592 1428 1624 trifariam
1448 1592 1600 1624 diuisum
1620 1592 1729 1624 ternis

179 1645 329 1677 dominis
344 1645 536 1686 hospitium
551 1644 719 1686 praebeat
734 1656 742 1681 ;
771 1654 877 1685 quam
893 1645 1065 1676 rationem
1080 1645 1115 1675 in
1130 1643 1347 1685 praefatione
1362 1644 1507 1685 exposui
1597 1652 1729 1675 nouam

178 1696 421 1738 paragraphen
438 1696 493 1728 hic
513 1696 670 1727 instituit
690 1700 723 1727 Μ
744 1696 933 1736 praemisso
955 1695 1059 1726 titulo
1074 1695 1240 1733 decanica,
1262 1705 1367 1736 quem
1384 1695 1535 1726 correxit
1555 1694 1638 1726 Vrb.
1662 1694 1729 1726 668

179 1748 219 1780 de
244 1748 399 1779 decanica
489 1747 553 1778 294
579 1751 690 1779 semet
717 1751 833 1779 totum
862 1750 922 1783 GL,
949 1751 1065 1778 totum
1092 1751 1202 1778 semet
1228 1751 1261 1778 M
1288 1756 1372 1778 sono
1400 1747 1515 1777 minus
1541 1746 1641 1777 suaui
1667 1745 1729 1777 sed

179 1798 303 1830 eodem
332 1808 445 1836 sensu,
475 1799 536 1839 qui
565 1799 642 1839 quis
671 1801 762 1830 esset
790 1799 998 1839 interpretes
1025 1808 1096 1829 non
1125 1798 1299 1829 uiderunt.
1348 1807 1473 1839 nempe
1501 1800 1537 1829 et
1566 1800 1664 1828 semet
1693 1800 1731 1828 et

180 1854 284 1882 totum
302 1850 523 1882 accusatiuus
540 1853 603 1881 est.
651 1849 752 1887 nihil,
771 1849 835 1881 hoc
853 1853 907 1881 est
924 1850 1059 1881 nullum
1078 1852 1222 1887 astrum,
1242 1852 1283 1880 ut
1300 1858 1328 1880 11
1347 1850 1422 1887 688,
1442 1849 1480 1880 in
1496 1852 1596 1880 semet
1612 1852 1728 1886 totum,

181 1903 217 1933 in
242 1912 361 1933 omnes
385 1902 438 1933 sui
461 1904 590 1943 partes,
615 1901 703 1932 italet
726 1904 762 1933 et
785 1904 999 1942 potestatem
1025 1902 1153 1932 exserit
1243 1901 1305 1932 295
1329 1900 1390 1932 sub
1410 1899 1566 1940 partibus
1598 1900 1726 1941 aequis,

182 1954 247 1986 316
262 1957 359 1993 parte
375 1952 436 1984 sub
454 1952 526 1984 ulla
615 1953 679 1983 296
696 1961 726 1983 11
742 1953 807 1984 382
825 1953 923 1994 signa
940 1952 1091 1984 feminea
1107 1961 1218 1983 secum
1236 1952 1381 1992 ianqunt
1397 1951 1593 1983 commercia
1609 1951 1732 1983 mundi

272 2005 335 2036 297
355 2014 436 2036 suas
456 2014 519 2045 pro
540 2003 596 2034 sui
616 2004 770 2045 positum
791 2007 854 2041 est,
877 2007 918 2035 ut
938 2012 966 2034 11
987 2004 1051 2035 533
1072 2013 1153 2034 suae
1170 2003 1274 2043 parti,
1296 2012 1334 2034 IV
1356 2003 1420 2034 885
1438 2012 1522 2042 pars
1541 2012 1628 2040 sua3
1662 2003 1729 2034 nisi

180 2056 273 2088 forte
301 2055 346 2087 ad
372 2056 472 2087 astris
498 2055 647 2086 refertur
737 2054 965 2093 retinentibus,
993 2065 1083 2096 quae
1109 2065 1167 2086 eas
1194 2057 1362 2086 teneant:
1403 2055 1450 2086 310
1476 2054 1594 2085 retinet
1619 2055 1683 2086 357

271 2107 335 2138 298
349 2110 480 2146 partem
496 2106 710 2148 disciplinae,
728 2109 769 2138 ut
785 2115 813 2138 11
830 2107 895 2138 965
912 2106 989 2137 haec
1006 2105 1067 2137 tibi
1083 2105 1144 2137 sub
1160 2109 1246 2137 cert-a
1261 2106 1432 2137 stellarum
1445 2108 1542 2145 parte
1557 2108 1730 2143 canentur,

183 2159 244 2190 ubi
267 2168 338 2190 non
361 2159 493 2190 minore
516 2158 735 2200 neglegentia
757 2159 879 2189 statim
903 2157 1040 2189 diuerso
1064 2168 1165 2189 sensu
1189 2157 1360 2189 subicitur
1382 2157 1466 2189 caeli
1485 2160 1599 2197 partes
1622 2167 1731 2198 quam

183 2211 239 2242 hie
263 2209 421 2242 uersibus
446 2211 509 2241 297
536 2213 572 2241 et
596 2211 661 2241 299
683 2213 796 2249 partes
821 2212 857 2241 et
878 2209 1034 2249 partibus
1058 2212 1260 2250 ponuntur:
1299 2209 1379 2240 uide
1403 2210 1511 2240 etiam
1535 2217 1564 2240 11
1588 2209 1665 2247 328,
1691 2217 1731 2240 IV

183 2263 247 2293 447
264 2271 328 2302 sq.,
343 2270 366 2293 v
381 2262 447 2293 504
461 2271 511 2302 sq.
529 2264 565 2293 et
579 2261 623 2292 ad
638 2270 677 2292 IV
691 2262 753 2293 321
772 2261 952 2292 adnotata.
1002 2260 1078 2292 Sen.
1092 2260 1172 2292 dial.
1185 2269 1223 2291 IX
1237 2261 1276 2292 16
1293 2262 1307 2292 1
1324 2260 1472 2300 sequitur
1484 2270 1576 2299 par-s
1589 2261 1731 2301 (causae

185 2312 448 2354 disceptandae)
473 2323 556 2354 quae
580 2313 659 2344 solet
683 2322 751 2344 non
776 2313 931 2344 inmerito
955 2313 1147 2344 contristare
1172 2315 1200 2343 et
1224 2313 1262 2344 in
1286 2312 1546 2343 sollicitudinem
1569 2311 1732 2343 adducere

274 2368 396 2403 graiae
413 2364 602 2397 Salmasius
618 2364 661 2396 de
678 2375 732 2395 an.
751 2364 840 2395 011111.
857 2375 889 2405 p.
909 2365 985 2401 558,
998 2367 1154 2402 deganae
1170 2368 1239 2400 LM,
1256 2367 1407 2395 decanae
1424 2367 1449 2395 G
1463 2366 1500 2394 et
1514 2363 1551 2394 in
1566 2367 1590 2395 L
1605 2373 1731 2395 manus

185 2416 433 2453 recentissima,
456 2418 582 2449 decane
600 2415 675 2447 cod.
698 2415 863 2453 Venetus,
886 2415 1029 2447 Danaae
1048 2415 1260 2456 Postgatius,
1281 2415 1381 2456 quasi
1399 2415 1470 2446 iam
1490 2414 1571 2446 belli
1590 2414 1731 2446 Troiani

185 2467 402 2509 temporibus
428 2466 549 2499 Graeci
574 2467 654 2499 huic
680 2469 746 2499 arti
770 2467 979 2499 studuerint.
1027 2467 1141 2507 yraiae
1164 2467 1200 2498 in
1224 2467 1338 2507 yariae
1361 2476 1468 2507 yanae
1486 2466 1581 2497 abire
1601 2467 1730 2506 potuit,

186 2522 263 2551 tum
289 2519 329 2551 de
354 2529 375 2550 a
400 2519 540 2550 librario
567 2519 611 2550 ad
638 2519 796 2550 decanica
820 2518 1010 2550 festinante
1036 2518 1197 2559 praecipi.
1246 2520 1339 2549 certe
1366 2528 1387 2548 a
1412 2517 1552 2549 Graecis
1578 2517 1731 2549 Romani

186 2570 276 2602 hane
299 2580 422 2602 uocem
445 2570 668 2604 habuerunt:
705 2569 800 2611 quod
824 2573 943 2601 autem
966 2573 1074 2609 yentes
1098 2569 1222 2601 Graiae
1247 2570 1331 2601 artis
1355 2569 1526 2600 uocabulo
1551 2578 1633 2600 usae
1656 2578 1730 2600 esse

184 2622 361 2659 dicuntur,
377 2632 447 2653 non
464 2621 615 2653 multum
631 2621 795 2652 dissimile
811 2624 864 2652 est
879 2630 907 2652 11
924 2621 989 2652 829
1004 2621 1143 2661 (tertius
1158 2620 1278 2659 cardo)
1294 2621 1380 2652 inter
1395 2620 1517 2652 Graias
1532 2619 1731 2659 horoscopus

185 2674 293 2705 editur
310 2673 414 2704 urbes.
464 2673 585 2704 Graiae
606 2676 714 2713 yentee
731 2672 906 2704 habentur
922 2673 1029 2703 etiam
1051 2681 1064 2703 1
1080 2673 1142 2703 501
1235 2682 1298 2713 pro
1315 2671 1473 2704 decanica
1487 2670 1583 2702 nullo
1599 2670 1730 2702 emolu-

186 2728 304 2756 mento
316 2724 390 2756 cod.
405 2724 494 2755 Flor.
508 2727 544 2755 et
560 2724 710 2756 editores
727 2724 877 2756 decania.
934 2725 1100 2755 δεκανικόσ
1114 2723 1327 2755 adiectiuum
1339 2723 1397 2754 alii
1411 2722 1574 2763 astrologi
1584 2721 1729 2760 habent,

187 2775 283 2806 Paul.
304 2775 401 2806 Alex.
429 2775 454 2808 C
484 2776 504 2806 2
532 2779 566 2807 ἐκ
597 2778 659 2814 τῆσ
687 2778 858 2814 δεκανικῆσ
886 2777 1148 2815 διαμορφώσεωσ,
1176 2774 1280 2806 schol.
1307 2774 1333 2806 C
1358 2775 1378 2807 3
1407 2776 1522 2815 μοι’ρασ
1544 2775 1727 2813 δεκανικάσ,

184 2826 350 2858 C.C.A.G.
375 2835 403 2857 11
438 2836 471 2868 p.
503 2828 561 2858 191
590 2828 632 2858 28
659 2836 708 2867 sq.
737 2829 799 2858 τῶν
831 2829 947 2866 ζῳδίων
987 2829 1038 2858 καὶ
1069 2828 1132 2857 τῶν
1164 2827 1473 2867 παρανατελλόντων
1498 2827 1539 2856 τὰ
1582 2826 1730 2856 δεκανικὰ

187 2880 448 2917 ἀποτελέσματα,
469 2877 543 2909 cod.
568 2878 644 2909 Par.
665 2879 752 2910 2420
768 2877 826 2910 fol.
849 2879 911 2910 108
929 2878 1030 2918 (Boll.
1050 2877 1184 2919 sphaer.
1203 2888 1237 2919 p.
1258 2878 1314 2917 11)
1331 2879 1371 2908 τὰ
1389 2878 1534 2908 δεκανικὰ
1552 2877 1728 2908 ἀποτελέσ-
