1872 3183
572 136 1058 180 ASTRONOMICON
1090 137 1155 178 IV
1550 138 1631 176 105

259 251 302 288 et
323 246 503 301 Libyam
523 246 791 302 Aegyptique
810 245 921 287 latus
941 246 1184 301 donataque
1204 259 1300 287 rura

134 328 201 360 780
257 321 437 376 Cyrenes
457 320 637 362 lacrimis
657 320 808 362 radicis
828 320 1022 375 Scorpius
1043 320 1148 362 acris

94 473 137 505 39
167 482 251 513 quae
282 474 376 515 (post
407 473 595 504 terminum
627 473 835 514 Cyrenaicae
867 471 1140 511 Catabathmon)
1171 471 1319 512 sequitur
1349 470 1436 510 reqio
1468 468 1632 500 Mareotis

91 523 201 566 Libya
221 525 420 565 appellatur,
441 525 591 565 Aeqypto
611 525 815 556 contermina
903 524 967 556 780
987 533 1130 563 cyrenes
1152 522 1309 554 Bentleio
1330 522 1632 563 praemonstrante

93 574 249 618 Vngerus
268 575 311 607 de
331 575 366 608 O.
389 575 511 617 Valgio
530 586 563 617 p.
586 576 651 608 440
671 585 726 607 an.
752 576 848 613 1848,
868 579 1057 615 tyrrhenos
1076 578 1110 606 M
1129 573 1204 605 cod.
1220 573 1384 610 Venetus,
1405 575 1582 604 thirrenos
1598 573 1634 607 L,

91 630 269 659 thirrenas
291 626 354 659 GL2
375 629 517 669 propter
537 636 637 658 arces.
685 627 827 668 tyrrenis
848 637 910 668 pro
932 626 1061 667 cyrenis
1082 624 1207 658 catull.
1231 626 1250 657 7
1273 626 1294 656 4
1316 625 1352 656 in
1374 633 1443 655 uno
1465 625 1502 654 et
1523 620 1632 653 altero

91 677 179 710 libro
205 678 372 720 scriptum
398 687 470 709 esse
498 677 672 709 Breiterus
697 678 833 710 monuit
922 678 1080 709 radicis*
1106 678 1117 711 ί
1130 677 1312 717 :radias),
1330 678 1448 707 radiat
1472 677 1530 706 ΒΜ
1555 671 1630 704 cod.

90 729 256 767 Venetus,
283 732 444 762 radiatus
470 730 572 761 metri
598 739 702 761 causa
729 729 792 761 GL²
881 732 973 761 acris
987 728 1016 766 *‚
1039 738 1138 760 arces
1164 727 1242 759 libri
1268 737 1312 759 ex
1338 727 1403 758 778
1493 733 1632 756 uersum

91 779 221 812 deleuit
243 779 401 822 Scaliger,
424 780 547 812 donata
567 790 647 811 rura
668 780 918 821 interpretatus
940 779 1045 810 Delta
1066 778 1291 820 Aegyptium,
1314 776 1409 818 quod
1431 774 1631 808 Herodotus

90 840 118 863 11
141 832 162 863 5
187 833 202 863 1
229 833 327 873 δῶρον
358 834 414 863 τοῦ
447 833 591 870 ποταμοῦ
622 841 695 862 esse
727 831 840 863 dixit:
880 833 917 862 at
952 830 1151 872 Aegyptum
1183 829 1345 861 Manilius
1378 827 1488 860 Arieti
1520 825 1631 867 adsig-

90 883 202 921 nauit,
220 882 372 925 Scorpio,
389 886 561 924 quantum
578 883 730 919 memini,
747 892 858 914 nemo.
906 882 1058 914 radiatus
1074 881 1185 922 (quod
1203 881 1377 912 Breiterus
1394 889 1456 921 pro
1472 878 1631 910 aculeato

90 926 228 976 accipit,
257 935 362 966 ceteri
390 934 474 975 quid
502 934 625 965 Latine
653 936 753 965 sonet
781 943 850 965 non
875 934 896 964 i
890 934 1050 973 gnorant)
1079 931 1230 974 amplexi
1258 930 1485 972 Rossbergius
1514 928 1627 960 Fleck.

90 985 205 1017 annal.
219 985 286 1017 uol.
303 986 409 1028 139p.
424 986 488 1017 ’713
500 996 579 1017 cum
591 995 700 1026 eoque
713 985 901 1016 Bechertus
913 995 975 1026 pro
987 984 1045 1015 1110
1056 994 1147 1015 arces
1158 983 1329 1015 dederunt
1340 992 1413 1014 acer
1424 981 1632 1013 Lucretiano

89 1046 185 1068 more
211 1036 351 1079 stipatis
377 1036 552 1078 epithetis,
581 1036 756 1068 Breiterus
782 1036 864 1068 ibid.
894 1046 927 1078 p.
957 1036 1022 1068 853
1049 1038 1215 1076 sequente
1243 1033 1499 1076 Wageningeno
1526 1031 1632 1063 armw

89 1097 169 1120 cum
206 1088 348 1120 eruendi
376 1088 483 1120 uerbo
513 1087 736 1129 iungendum,
767 1087 809 1118 de
839 1097 908 1128 quo
938 1087 1014 1129 ipso
1044 1097 1127 1118 mox
1155 1086 1374 1122 uidebimus;
1416 1083 1528 1116 radiat
1555 1083 1631 1124 quis

89 1139 237 1180 sirpicus
263 1149 361 1171 arcu-3
387 1139 555 1180 Vngerus,
583 1149 652 1180 quo
680 1139 818 1170 nomine
846 1138 1009 1179 silphium
1038 1137 1271 1179 significatum
1298 1135 1376 1169 uult
1465 1134 1550 1166 ordo
1577 1137 1630 1164 est

89 1200 171 1222 rura
195 1191 340 1232 Cyrenes
363 1191 486 1223 donata
511 1190 660 1222 lacrimis
679 1190 776 1232 {acris
803 1190 939 1227 radicis,
966 1191 1146 1230 δωρηθέντα
1170 1191 1241 1220 τοΐσ
1272 1190 1334 1227 τῆσ
1367 1189 1510 1228 δριμείασ
1542 1187 1631 1226 ῥίζησ

91 1244 250 1283 δακρύοισ,
283 1242 347 1272 hoc
388 1245 442 1273 est
483 1242 528 1282 τῷ
565 1244 621 1273 τοῦ
653 1244 783 1281 σιλφίου
820 1241 898 1281 ὀπῷ.
991 1239 1244 1282 lasarpiciferae
1284 1239 1438 1281 Cyrenae
1479 1237 1631 1269 donatae

89 1292 254 1325 dicuntur
276 1293 531 1335 pretiosissimis
555 1292 626 1324 suci
649 1302 693 1323 ex
716 1292 822 1323 incisa
845 1291 960 1333 silphii
983 1291 1097 1323 radice
1121 1290 1286 1323 stillantis
1309 1290 1442 1331 guttis:
1479 1288 1630 1320 donatae

88 1344 244 1385 inquam,
265 1354 347 1376 nam
367 1345 439 1376 sine
459 1353 564 1376 causa
583 1343 792 1385 Scaligerum
812 1343 864 1375 ed.
890 1345 904 1375 l
928 1343 1037 1375 dotata
1056 1342 1218 1374 maluisse
1238 1340 1429 1374 ostendunt
1449 1340 1535 1372 Plin.
1558 1338 1628 1370 n.h.

85 1404 166 1427 xxn
195 1396 254 1428 101
282 1395 369 1427 laser
394 1405 410 1427 e
434 1395 559 1435 silphio
582 1395 753 1436 profluens
769 1419 777 1426 .
796 1418 804 1426 .
824 1418 831 1426 .
851 1395 936 1426 inter
962 1394 1085 1425 eximia
1111 1396 1250 1425 naturae
1277 1393 1376 1425 dona
1407 1392 1629 1423 numeratum,

88 1446 192 1478 fichol.
213 1446 271 1479 Ar.
289 1446 381 1478 Plut.
399 1447 462 1478 925
479 1447 606 1478 Βάττοσ
624 1448 770 1487 Κυρήνην
787 1448 906 1477 ἔκτισεν
924 1470 932 1477 .
949 1471 954 1477 .
974 1471 978 1476 .
995 1447 1029 1477 ὃν
1046 1447 1244 1483 τιμήσαντεσ
1261 1446 1382 1484 Alfium
1407 1445 1631 1483 ἐχαρίσαντο

89 1498 174 1538 αὐτῷ
197 1499 235 1530 τὸ
260 1500 434 1530 κάλλιστον
459 1500 522 1529 τῶν
547 1499 699 1537 λαχάνων
722 1499 759 1529 τὸ
781 1499 922 1536 σίλφιον,
941 1496 1032 1528 Man.
1052 1504 1090 1527 IV
1111 1496 1176 1528 736
1199 1495 1406 1536 (Bacchum)
1423 1495 1630 1526 donantem

87 1559 222 1581 munere
243 1552 355 1581 terras.
414 1558 456 1580 ex
480 1558 607 1590 magna
630 1548 784 1580 locorum
808 1548 907 1589 copia.
932 1548 991 1588 qui
1016 1547 1059 1578 ad
1085 1557 1179 1578 meas
1203 1546 1419 1578 coniecturas
1443 1545 1631 1576 firmandas

88 1599 215 1632 adferri
239 1602 386 1642 possunt
411 1600 634 1632 electissimos
657 1610 797 1642 ponam.
845 1600 951 1641 igitur
975 1599 1235 1640 Theophrastus
1261 1598 1342 1630 hist.
1369 1597 1479 1639 plant.
1501 1605 1539 1628 1v
1565 1598 1584 1629 3
1613 1598 1627 1629 1

86 1660 120 1689 ἐν
137 1653 172 1683 6&
187 1651 227 1692 τῇ
244 1653 406 1692 Κυρηναίᾳ
424 1653 623 1692 κυπάρισσοσ
639 1653 690 1682 καὶ
707 1652 798 1682 ἐλάαι
812 1674 820 1682 .
836 1674 843 1682 .
860 1674 867 1682 .
885 1652 1049 1681 ἰδιώτατον
1067 1652 1101 1681 6&
1117 1651 1245 1681 πάντων
1262 1651 1298 1681 τὸ
1314 1651 1443 1688 σίλφιον
1469 1647 1578 1688 (quod
1595 1648 1632 1679 in

86 1712 206 1735 eorum
239 1703 391 1734 nummis
422 1702 574 1744 conspici
606 1705 730 1734 notum
763 1702 842 1741 est),
871 1709 908 1732 V1
936 1702 955 1733 3
986 1702 1001 1733 l
1045 1703 1082 1733 τὸ
1115 1703 1148 1732 δὲ
1179 1703 1308 1740 σίλφιον
1341 1703 1408 1740 ἔχει
1439 1701 1540 1741 ῥίζαν
1573 1701 1631 1737 μὲν

85 1756 213 1793 πολλὴν
231 1756 283 1786 καὶ
296 1756 436 1794 παχεῖαν
451 1777 458 1785 .
474 1777 482 1785 .
498 1777 506 1785 .
535 1754 554 1784 2
580 1755 658 1785 ὀπὸν
684 1755 718 1785 6&
744 1755 848 1784 διττὸν
875 1755 952 1792 ἔχει,
969 1755 1023 1784 τὸν
1045 1754 1103 1791 μὲν
1128 1754 1193 1784 ἀπὸ
1217 1755 1273 1783 τοῦ
1295 1754 1412 1784 καυλοῦ
1433 1753 1488 1783 τὸν
1512 1753 1546 1782 δὲ
1568 1752 1633 1782 ἀπὸ

86 1807 149 1843 τῆσ
165 1806 281 1846 ρίζησ,
302 1806 339 1836 δι’
366 1807 382 1837 ὃ
407 1807 539 1836 καλοῦσι
564 1806 619 1836 τὸν
644 1805 701 1842 μὲν
727 1806 859 1835 καυλίαν
885 1805 939 1835 τὸν
965 1805 999 1835 6&
1023 1804 1140 1844 ῥιζίαν
1158 1804 1212 1843 (IX
1234 1804 1249 1834 l
1275 1803 1294 1834 7
1322 1804 1373 1834 καί
1397 1805 1466 1834 ἐστι
1493 1803 1631 1842 βελτίων

86 1857 102 1888 ὁ
118 1857 253 1897 ῥιζίασ)
270 1879 278 1887 .
297 1879 305 1888 .
324 1879 332 1887 .
348 1858 368 1894 ἡ
394 1856 624 1898 δὲξκαλουμένη
649 1857 830 1896 μα’γύδαρισ
855 1856 960 1895 ἕτερόν
986 1857 1055 1886 ἐστι
1080 1857 1136 1886 τοῦ
1161 1855 1291 1894 σιλφίου
1314 1855 1486 1894 μανότερον
1513 1866 1549 1884 τε
1580 1855 1631 1884 καὶ

85 1906 181 1946 ἦττον
214 1909 330 1948 δριμὺ,
356 1909 409 1939 καὶ
440 1909 495 1939 τὸν
529 1908 607 1939 ὀπὸν
643 1909 697 1938 ούκ
735 1908 813 1946 ἔχει,
831 1929 839 1938 .
855 1929 863 1937 .
879 1929 887 1937 .
904 1907 1058 1937 σκεπτέον
1071 1929 1079 1937 .
1096 1929 1103 1937 .
1119 1929 1127 1937 .
1145 1907 1177 1937 6&
1192 1929 1199 1937 .
1215 1929 1223 1936 .
1240 1929 1247 1936 .
1278 1908 1306 1936 εἰ
1336 1906 1423 1937 ὅλωσ
1454 1906 1569 1944 ἀφίησί
1600 1917 1632 1935 τι

88 1960 252 2000 δάκρυον,
284 1967 324 1990 IX
359 1959 374 1990 l
409 1959 429 1991 3
463 1959 514 1990 καὶ
546 1960 664 1989 τούτων
696 1959 753 1996 μὲν
787 1959 916 1989 πάντων
948 1961 1001 1989 ἐν.
1016 1980 1025 1988 .
1040 1980 1049 1988 .
1065 1959 1135 1988 τοΐσ
1172 1958 1327 1988 καυλοΐσ.
1343 1980 1351 1987 .
1367 1980 1375 1987 .
1392 1958 1428 1987 τὸ
1466 1957 1633 1996 δάκρυον·

87 2012 177 2043 ἐνίων
203 2011 229 2042 δ’
251 2014 283 2042 ἐν
308 2012 383 2041 ταῖσ
407 2011 549 2050 ρίζαισ.
565 2033 573 2040 .
589 2033 597 2041 .
613 2011 675 2040 τῶν
706 2011 739 2040 6&
767 2011 819 2040 καὶ
844 2012 877 2040 ἐν
901 2008 946 2049 τῷ
972 2008 1079 2049 καυλῷ
1103 2010 1154 2039 καὶ
1172 2010 1203 2039 ἐν
1221 2008 1261 2048 τῇ
1283 2009 1375 2048 ῥίζῃ·
1422 2008 1474 2039 καὶ
1494 2009 1558 2047 ’γὰρ
1577 2009 1630 2038 τὸν

86 2063 204 2094 καυλὸν
221 2063 382 2100 ὀπίζουσιν
399 2063 487 2092 ἐνίων
511 2063 563 2092 καὶ
577 2062 640 2091 τὰσ
655 2062 760 2101 ῥίζασ
783 2062 890 2100 ὥσπερ
916 2062 968 2091 καὶ
983 2062 1039 2091 τοῦ
1054 2061 1185 2099 σιλφίου
1199 2082 1206 2090 .
1223 2082 1230 2090 .
1247 2083 1254 2090 .
1283 2060 1304 2090 4
1325 2060 1362 2090 τὸ
1380 2060 1413 2089 δὲ
1430 2060 1485 2089 τοῦ
1500 2059 1631 2097 σιλφίου

87 2115 191 2154 δριμὺ
207 2114 352 2153 καθάπερ
368 2114 446 2144 αὐτὸ
460 2113 497 2144 τὸ
516 2114 659 2151 σίλφιον·
705 2113 720 2143 ὁ
746 2113 809 2152 ’γὰρ
828 2113 910 2143 ὀπὸσ
925 2113 1121 2149 καλούμενοσ
1138 2113 1194 2142 τοῦ
1211 2112 1341 2149 σιλφίου
1360 2111 1511 2150 δάκρυόν
1530 2112 1628 2145 ἐστιν,

85 2172 100 2196 1
133 2165 153 2196 6
188 2164 228 2196 12
260 2165 448 2204 ἀμφοτέρων
482 2162 610 2205 (silphii
633 2165 669 2193 et
693 2172 782 2203 quae
806 2161 1003 2203 magudaris
1027 2160 1222 2193 uocabatur
1245 2160 1412 2200 herbae).
1431 2184 1439 2192 .
1459 2184 1467 2192 .
1483 2164 1516 2192 ἐν
1555 2162 1631 2191 ταῖσ-

86 2217 209 2257 ρίζαισ
225 2216 350 2254 μᾶλλον
374 2216 394 2253 ἡ
421 2216 531 2254 φύσισ,
548 2224 644 2246 cauS.
663 2212 774 2253 plant.
794 2221 837 2244 111
856 2214 870 2244 l
891 2214 912 2244 4
930 2215 990 2244 ὅσα
1008 2214 1209 2253 δριμύτητά
1233 2225 1304 2243 τινα
1330 2214 1397 2251 ἔχει
1423 2213 1522 2250 δήλην
1549 2214 1630 2243 κατὰ

86 2269 145 2305 τὴν
168 2269 292 2307 γεῦσιν,
318 2268 360 2298 ὧν
376 2268 427 2298 καὶ
443 2267 462 2304 ἡ
479 2267 645 2306 κάππαρισ
672 2266 769 2296 ἔοικεν
794 2266 872 2295 εἶναι
889 2266 941 2295 καὶ
963 2265 999 2295 τὸ
1024 2266 1164 2302 σίλφιον,
1184 2272 1223 2295 VI
1242 2264 1281 2295 12
1307 2263 1327 2294 8
1353 2265 1408 2295 τοῦ
1425 2265 1554 2302 σιλφίου
1578 2266 1631 2295 καὶ

87 2319 194 2350 ἄλλων
220 2318 384 2358 δριμέων,
410 2315 562 2349 Galenus
588 2317 680 2348 διαίτ.
711 2318 753 2355 dg.
780 2315 919 2347 Kuehn.
947 2314 1036 2347 med.
1064 2314 1121 2347 Gr.
1147 2323 1197 2346 XV
1222 2325 1255 2356 p.
1275 2315 1337 2346 877
1364 2316 1422 2352 τὴν
1447 2316 1548 2355 ῥίζαν
1574 2316 1631 2346 τοῦ

86 2370 217 2408 σιλφίου
242 2370 350 2400 καλεῖν
377 2370 452 2400 &Ooo-
477 2369 546 2399 ἐστὶ
568 2369 638 2399 τοῖσ
660 2367 842 2407 ἀνθρώποιο·
866 2367 1038 2405 ὁμωνύμωσ
1062 2368 1120 2406 ὅλῃ
1141 2365 1181 2406 τῇ
1198 2367 1332 2407 βοτάνῃ,
1351 2365 1525 2398 Nicander
1541 2365 1629 2397 ther.

86 2419 150 2452 907
169 2421 256 2452 ὀποΐό
271 2432 307 2451 τε
332 2420 479 2460 δάκρυα,
498 2417 601 2450 schol.
622 2419 700 2450 ὀπὸν
721 2420 775 2449 νῦν
801 2419 854 2449 τὸν
874 2418 1070 2458 Κυρηναικόν
1096 2422 1188 2456 φησι,
1208 2418 1345 2458 δάκρυα
1377 2418 1411 2449 6&
1435 2418 1489 2448 τὸν
1515 2419 1625 2457 χυλόν,

87 2470 175 2502 alex.
199 2470 263 2502 202
281 2470 350 2511 ὀπῷ
371 2472 552 2508 ἐμπευκέι,
569 2468 673 2501 schol.
698 2469 743 2509 τῷ
759 2467 872 2510 πικρῷ
888 2468 966 2509 ὀπῷ,
986 2470 1074 2508 λέγει
1091 2470 1125 2500 6&
1141 2468 1187 2508 τῷ
1212 2468 1412 2509 Κυρηναικῴ,
1433 2468 1498 2500 308
1519 2467 1624 2500 schol.

86 2524 167 2560 αὐτὴ
198 2523 218 2560 ἡ
249 2522 327 2562 ῥίζα
359 2523 490 2562 λέγεται
530 2522 668 2561 σίλφιον,
701 2521 717 2551 ὁ
750 2521 784 2551 6&
823 2522 962 2558 ταύτησ
994 2521 1076 2551 ὀπὸσ
1109 2521 1312 2560 Κυρηναικὸσ
1352 2521 1495 2550 καλεῖται
1536 2521 1627 2558 ὀπόσ,

85 2572 251 2615 glossaria
267 2574 398 2612 σίλφιον
415 2572 691 2613 interpretantur
707 2571 831 2603 lasaris
847 2571 1021 2602 radicem.
1070 2570 1164 2612 quod
1182 2573 1301 2602 autem
1318 2570 1440 2603 Graeci
1454 2570 1489 2601 in
1507 2570 1628 2602 arbore

86 2623 239 2657 herbaue
258 2625 401 2664 δάκρυον,
414 2622 450 2654 id
467 2623 584 2655 Latini
601 2622 775 2654 lacrimam
793 2620 969 2659 dicebant,
987 2631 1057 2653 non
1074 2621 1186 2653 solum
1208 2621 1371 2663 Myrrhae
1388 2624 1424 2653 et
1441 2621 1626 2654 Heliadum

86 2685 167 2708 cum
185 2677 343 2707 mutatae
361 2684 405 2706 ex
422 2674 577 2706 humana
594 2673 726 2705 formae
744 2673 883 2711 indicio,
902 2673 997 2715 quod
1015 2673 1154 2705 subesse
1172 2675 1290 2716 potest
1307 2673 1414 2705 etiam
1432 2673 1468 2704 in
1485 2674 1631 2705 narcissi

86 2727 227 2760 lacrima
242 2725 342 2768 Verg.
361 2735 473 2767 georg.
492 2734 530 2757 1v
549 2726 622 2762 160,
640 2724 701 2756 sed
718 2725 805 2756 turis
823 2724 924 2757 Ouid.
944 2727 1025 2756 met.
1042 2733 1092 2756 xv
1109 2725 1185 2762 394,
1202 2724 1344 2766 panacis
1361 2723 1492 2756 Colum.
1510 2733 1535 2756 x
1555 2725 1628 2761 103,

85 2777 233 2810 hederae
257 2776 297 2816 Q.
324 2776 441 2809 Seren.
469 2777 522 2814 67,
549 2776 715 2807 siluestris
741 2775 796 2807 fici
821 2776 897 2813 527,
924 2775 1167 2813 hammoniaci,
1186 2775 1293 2812 oleae,
1311 2774 1472 2813 liliorum,
1491 2775 1628 2809 uitium,

87 2829 251 2862 arborum
280 2837 369 2870 quae
399 2827 572 2869 glutinum
601 2827 744 2869 pariunt
774 2826 861 2858 Plin.
892 2826 962 2858 n.h.
995 2826 1124 2869 passim
1214 2826 1250 2858 in
1279 2826 1343 2858 hoc
1373 2836 1487 2864 uersu,
1517 2826 1630 2868 qualis
