1872 3183
175 141 228 178 14
762 138 823 179 M.
857 137 1111 180 MANILII

332 248 613 302 fortunaeque
632 247 758 290 uices.
815 248 1041 303 permiscet
1060 261 1184 303 saepe
1205 248 1389 289 ferarum

331 337 508 378 corpora
526 336 625 364 cum
646 322 845 364 membris
864 321 1086 363 hominum
1105 337 1113 364 :
1148 336 1234 364 non
1253 322 1424 364 seminis
1444 321 1512 363 ille

331 402 480 452 partus
500 397 581 438 erit
599 411 609 446 ;
646 396 749 452 quid
769 396 882 438 enim
900 396 1022 438 nobis
1041 410 1264 438 commune
1285 396 1480 451 ferisque,

333 471 482 526 quisue
502 472 545 512 in
564 471 753 526 portenti
773 485 930 512 noxam
949 471 1134 526 peccarit
1153 470 1354 512 adulter<2

210 553 277 584 105
333 551 448 587 astra
468 551 632 588 nouant
651 546 808 587 formas
827 545 1075 600 caelumque
1094 545 1308 587 interserit
1328 559 1413 587 ora.

333 620 527 675 denique,
549 621 584 662 si
603 635 689 662 non
709 625 787 669 est,
808 619 888 661 fati
907 634 982 661 cur
1001 619 1186 661 traditur
1207 619 1324 669 ordo,

334 700 572 750 cunctaque
592 695 856 750 temporibus
875 694 1000 737 certis
1020 699 1203 736 uentura
1222 699 1434 736 canuntur
1453 695 1468 735 ’ζ

168 845 212 877 de
226 845 301 877 leur
313 845 454 877 fortune
469 846 476 858 '
495 846 684 887 Pingraeus
776 845 923 876 101-105
940 854 968 876 11
983 846 1046 877 709
1062 855 1112 886 sq.
1130 848 1158 876 et
1172 855 1270 886 saepe
1285 846 1323 876 in
1334 845 1477 886 pecudes
1493 847 1578 876 errat
1592 847 1717 876 natura.

168 906 357 937 maremque
379 895 382 939 Ι
397 896 531 938 femina
552 897 762 937 subsequitur
781 906 791 927 .·
821 897 1001 928 miscentur
1023 896 1128 927 sidere
1148 899 1278 936 partus,
1302 896 1362 928 ubi
1385 896 1492 928 uerba
1515 896 1553 927 in
1573 896 1719 936 pecudes

169 951 266 985 errat,
290 958 379 989 quae
403 948 488 989 quid
511 948 666 980 habeant
688 948 905 980 difficultatis
929 948 973 979 ad
995 948 1094 979 illum
1116 948 1231 979 locum
1254 948 1410 989 exposui,
1434 950 1555 979 tamen
1578 947 1716 978 firmare

169 998 310 1030 uidetur
324 999 397 1030 Liu.
413 1008 505 1030 xxxr
521 1001 560 1031 12
575 1000 595 1031 8
604 999 703 1040 foeda
719 1000 833 1030 omnia
848 1002 875 1030 et
890 999 1052 1039 deformia
1066 999 1269 1039 errantisque
1284 999 1322 1030 in
1333 999 1461 1030 alienos
1469 998 1561 1040 fetus
1574 1001 1715 1030 naturae

167 1050 258 1088 uisa,
274 1051 366 1082 inter
382 1061 470 1092 quae
485 1061 607 1091 porcus
623 1061 697 1082 cum
713 1052 821 1091 capite
837 1051 983 1082 humano
999 1054 1100 1082 natus
1115 1063 1123 1088 3
1148 1051 1246 1082 cuius
1263 1051 1372 1082 simile
1389 1053 1593 1092 portentum
1609 1049 1717 1081 refert

168 1100 261 1133 idem
282 1102 402 1133 Liuius
420 1111 525 1133 XXVII
549 1104 585 1134 11
610 1104 629 1134 5
650 1112 725 1133 cum
747 1102 913 1143 elephanti
933 1102 1041 1143 capite
1059 1112 1204 1143 puerum
1224 1105 1341 1133 natum
1433 1101 1583 1132 102-104
1607 1101 1713 1133 Arist.

168 1153 211 1185 de
224 1164 299 1195 gen.
317 1164 371 1185 an.
385 1165 419 1195 p.
437 1154 518 1186 769³*
549 1157 584 1186 οὐ
596 1155 704 1195 ῥᾴδιον
719 1157 752 1185 δὲ
768 1178 775 1185 .
793 1178 800 1185 .
817 1178 824 1185 .
841 1156 939 1185 εἰπεῖν
955 1178 962 1185 .
979 1178 986 1185 .
1004 1178 1011 1185 .
1029 1156 1079 1185 διὰ
1094 1152 1151 1184 τίν’
1167 1156 1269 1184 αἰτίαν
1285 1178 1292 1185 .
1309 1178 1316 1185 .
1334 1178 1341 1185 .
1358 1155 1430 1185 οὐδὲ
1444 1155 1616 1194 ἄνθρωποσ
1629 1155 1715 1184 ἀλλὰ

167 1204 247 1245 ζῷόν
272 1218 302 1236 τι
322 1207 416 1242 μόνον
437 1207 585 1245 φαίνεται
604 1208 641 1237 τὸ
662 1207 860 1245 γιγνόμενον,
882 1208 902 1236 ἃ
923 1207 961 1244 δὴ
981 1208 1033 1236 καὶ
1053 1207 1183 1245 λέγεται
1201 1207 1318 1246 τέρατα
1337 1229 1344 1236 .
1364 1229 1371 1236 .
1391 1229 1398 1236 .
1417 1207 1454 1236 τὸ
1471 1207 1505 1236 δὲ
1522 1206 1712 1245 γιγνόμενον

167 1256 252 1297 κριοῦ
277 1258 422 1296 κεφαλήν
447 1263 546 1296 φασιν
571 1259 591 1296 ἢ
614 1259 696 1298 βοὸσ
722 1259 818 1297 ἔχειν,
847 1260 899 1288 καὶ
924 1261 957 1289 ἐν
981 1259 1052 1289 τοΐσ
1073 1259 1193 1288 ἄλλοισ
1215 1258 1333 1295 ὀμοίωσ
1356 1258 1463 1298 ἑτέρου
1482 1257 1571 1297 ζῴου,
1592 1258 1717 1296 μόσχον

167 1309 287 1339 παιδὸσ
304 1310 449 1348 κεφαλὴν
467 1311 486 1347 ἢ
505 1310 667 1349 πρόβατον
684 1311 765 1350 βοόσ
783 1333 790 1340 .
810 1333 818 1340 .
837 1333 844 1340 .
865 1311 911 1340 ὅτι
930 1309 955 1340 δ’
975 1311 1061 1340 ἐστὶν
1081 1311 1235 1340 ἀδύνατον
1252 1310 1423 1349 ’γίγνεσθαι
1440 1309 1538 1349 τέρασ
1555 1307 1711 1346 τοιοῦτον,

167 1362 274 1400 ἕτερον
294 1363 326 1391 ἐν
344 1362 439 1400 ἑτέρῳ
457 1359 546 1400 ζῷον,
570 1360 721 1399 δηλοῦσιν
739 1362 767 1391 οἱ
785 1362 890 1400 χρόνοι
908 1363 970 1399 τῆσ
988 1362 1132 1399 κυήσεωσ
1149 1362 1233 1392 πολὺ
1252 1362 1459 1401 διαφέροντεσ
1477 1361 1644 1401 ἀνθρώπου
1662 1361 1713 1391 καὶ

168 1413 333 1452 προβάτου
359 1414 411 1443 καὶ
438 1414 534 1443 κυνόσ
557 1414 609 1443 καὶ
631 1414 726 1452 Beda·
761 1414 915 1443 ἀδύνατον
940 1413 966 1443 δ’
990 1414 1124 1443 ἕκαστον
1145 1411 1298 1451 ’γενέσθαι
1320 1414 1363 1450 μὴ
1383 1413 1465 1443 κατὰ
1484 1414 1562 1443 rouo·
1581 1413 1716 1443 οἰκείουσ-

168 1464 316 1502 χρόνουσ.
359 1466 481 1494 contra
493 1463 683 1494 commixto
694 1463 876 1494 hominum
886 1462 1108 1504 ferarumque
1118 1463 1248 1494 semine
1259 1465 1498 1494 monstruosos
1510 1465 1633 1502 partus
1646 1461 1721 1494 fieri

168 1523 246 1545 cum
266 1514 370 1555 uulgo
386 1513 608 1546 crediderunt
627 1514 782 1556 Aesopus
799 1514 893 1556 apud
910 1514 1108 1546 Phaedrum
1126 1523 1169 1545 111
1184 1516 1216 1552 3,
1233 1514 1357 1546 Thales
1376 1514 1471 1555 apud
1488 1513 1718 1546 Plutarchum

169 1568 257 1606 sept.
277 1575 349 1607 sap.
370 1576 469 1597 conu.
490 1566 521 1603 3,
542 1566 778 1604 Quintilianus
793 1566 852 1607 qui
866 1565 977 1597 fertur
990 1566 1074 1597 decl.
1091 1566 1169 1597 mai.
1191 1567 1231 1597 15
1248 1567 1285 1597 11
1303 1565 1494 1597 mortalium
1502 1565 1720 1606 ferarumque

169 1616 276 1648 coitus
299 1627 403 1658 usque
427 1618 465 1648 in
488 1621 699 1649 monstruosa
715 1617 936 1658 fecunditatis
959 1628 1061 1649 onera
1084 1617 1236 1658 perlatos.
1285 1617 1446 1648 Lucanus
1470 1626 1484 1648 1
1508 1617 1636 1649 589—91
1664 1616 1719 1648 his

171 1668 297 1706 uerbis,
319 1672 468 1700 monstra
481 1693 489 1700 .
509 1693 516 1700 .
535 1694 541 1699 .
563 1679 647 1709 quae
672 1669 776 1700 nullo
799 1668 939 1700 semine
963 1669 1089 1701 discors
1109 1667 1113 1711 Ι
1130 1668 1313 1709 protulerat
1337 1671 1461 1700 natura
1474 1692 1481 1699 .
1498 1692 1506 1699 .
1522 1692 1529 1700 .
1551 1668 1721 1709 sterilique

170 1719 334 1761 nefandos
355 1718 359 1762 Ι
380 1730 417 1751 ez
446 1723 536 1751 utero
560 1720 662 1761 setus,
693 1721 807 1752 mulae
840 1724 982 1762 partum
1012 1720 1203 1761 significare
1233 1720 1383 1751 uoluisse
1412 1719 1565 1751 creditur
1656 1720 1719 1750 103

169 1774 270 1803 nobis
288 1770 365 1808 GL2,
383 1775 484 1803 nouis
504 1775 560 1803 LM
653 1771 715 1802 104
733 1774 771 1803 111
788 1774 946 1810 portenti
964 1771 1064 1803 codd.
1089 1771 1178 1803 Flor.
1198 1774 1234 1802 et
1253 1771 1352 1803 Bodl.
1372 1774 1409 1802 et
1430 1772 1466 1802 111
1483 1774 1508 1803 G
1526 1780 1618 1802 man.
1637 1781 1717 1807 rec„

168 1826 351 1861 inportent
374 1826 443 1860 LM,
461 1825 658 1861 importans
683 1827 708 1855 G
797 1833 932 1855 noscam.
951 1833 1123 1864 poenam:
1162 1823 1239 1864 quis
1263 1822 1400 1855 adulter
1422 1823 1474 1854 ita
1496 1822 1649 1864 peccarit
1678 1825 1720 1854 ut

170 1876 376 1916 portentosa
395 1874 490 1915 prole
510 1875 678 1915 puniatur
695 1877 707 1907 ἱ)
729 1883 767 1905 IV
788 1875 851 1906 667
872 1874 910 1905 in
927 1884 1055 1915 poenas
1068 1874 1217 1915 fecunda
1236 1884 1317 1905 suas
1407 1873 1467 1904 105
1489 1883 1551 1905 ora
1570 1876 1607 1911 G,
1626 1877 1715 1905 hora

169 1929 239 1963 LM,
262 1929 368 1958 horas
393 1925 468 1957 cod.
494 1926 648 1957 Venetus
763 1925 876 1957 sidera
900 1925 1026 1966 quibus
1049 1925 1310 1957 condicionibus
1334 1927 1572 1957 monstruosos
1595 1928 1720 1966 partus

170 1977 319 2009 reddant
336 1978 481 2018 exponit
497 1977 718 2009 Ptolemaeus
732 1978 767 2008 in
783 1988 823 2008 eo
837 1977 915 2008 libri
929 1986 972 2008 m
985 1977 1165 2008 tetrabibli
1178 1977 1293 2018 capite
1307 1976 1402 2018 quod
1413 1980 1466 2008 est
1477 1979 1549 2017 περὶ
1562 1977 1715 2017 τεράτων,

169 2027 223 2060 ed.
240 2029 411 2061 Camerar.
428 2039 483 2061 an.
503 2029 587 2061 1535
605 2039 662 2070 pp.
683 2030 749 2061 31¹¹-
771 2039 845 2070 sq.;
871 2028 963 2060 idem
978 2029 1102 2060 titulus
1127 2031 1181 2060 est
1206 2029 1331 2068 capitis
1354 2028 1374 2058 9
1399 2028 1478 2059 libri
1495 2036 1524 2059 Π
1539 2027 1718 2069 Hephaes-

170 2080 275 2112 tionis
302 2080 470 2118 Thebanj,
498 2081 558 2122 qui
583 2080 671 2112 liber
696 2080 853 2112 nondum
879 2080 994 2112 editus
1020 2083 1083 2112 est.
1132 2079 1221 2112 adde
1248 2080 1343 2112 Vett.
1372 2080 1447 2112 Val.
1475 2090 1509 2121 p.
1538 2080 1600 2113 341
1632 2080 1721 2112 12-4

169 2134 224 2163 ἐὰν
259 2131 293 2163 δέ
327 2144 399 2163 πωσ
432 2133 468 2162 τὸ
502 2133 772 2172 δωδεκατημόριον
807 2133 883 2172 (τῆσ
916 2133 1079 2171 Σελήνησ)
1113 2134 1162 2162 εἰσ
1192 2133 1346 2172 θηριῶδεσ·
1375 2131 1517 2171 (ζῴδιον)
1545 2131 1668 2171 ἐκπέσῃ
1696 2133 1717 2169 ἢ

168 2184 206 2214 τὸ
238 2185 339 2222 τούτῳ
378 2184 543 2224 διάμετρον
584 2185 604 2221 ἢ
637 2185 664 2214 οἱ
704 2185 824 2214 τούτων
863 2185 968 2224 κύριοι,
1011 2182 1111 2223 τέρασ
1144 2184 1164 2221 ἢ
1196 2184 1316 2222 ἄλογον
1350 2182 1430 2222 ζῷον
1463 2183 1714 2222 ἀποφαίνεσθαι,

170 2234 276 2265 Firm.
299 2243 354 2265 vn
374 2235 393 2266 7
416 2235 436 2265 2
458 2234 489 2265 si
511 2233 690 2265 maliuolae
711 2233 822 2265 stellae
844 2234 881 2265 in
902 2233 1098 2266 cardinibus
1115 2234 1284 2274 partiliter
1299 2233 1430 2274 fuerint
1460 2233 1634 2265 collocatae
1650 2257 1658 2265 .
1677 2257 1685 2264 .
1705 2257 1713 2264 .

170 2288 229 2316 aut
244 2285 436 2326 quadrupes
449 2288 602 2317 nascetur
615 2288 673 2316 aut
687 2288 872 2317 monstrum
962 2285 1023 2316 106
1039 2285 1100 2316 107
1115 2295 1188 2316 esse
1202 2284 1268 2316 fati
1282 2285 1438 2316 ordinem
1452 2294 1496 2315 ex
1509 2294 1549 2316 eo
1563 2283 1718 2316 ostendi-

171 2339 230 2367 tur
250 2336 345 2377 quod
365 2336 486 2368 futura
507 2336 756 2378 praedicuntur
777 2336 936 2377 fiuntque
956 2346 1046 2377 quae
1067 2335 1247 2378 praedicta
1267 2339 1360 2373 sunt,
1382 2345 1410 2367 11
1434 2336 1496 2367 133
1518 2338 1718 2376 euentusque

170 2387 269 2419 datur
291 2387 403 2428 qualis
425 2387 631 2429 praedicitur
654 2391 739 2419 ante.
788 2388 1023 2429 Diogenianus
1048 2398 1102 2429 ap.
1129 2387 1255 2419 Euseb.
1282 2397 1399 2429 praep.
1425 2396 1548 2428 euang.
1574 2395 1612 2418 IV
1636 2387 1656 2420 3
1680 2396 1716 2427 p.

173 2442 236 2474 136
281 2441 428 2483 (Arnim.
475 2441 579 2473 Stoic.
624 2445 692 2473 uet.
738 2441 823 2483 frag.
868 2441 1049 2483 Chrysipp.
1093 2442 1172 2481 939)
1210 2441 1299 2482 φέρει
1335 2442 1368 2472 δὲ
1401 2442 1627 2482 (Χρύσιπποσ)
1664 2442 1718 2472 καὶ

169 2494 274 2532 ἄλλην
303 2494 464 2530 ἀπόδειξιν
495 2496 528 2525 ἐν
557 2492 605 2533 τῷ
634 2493 850 2534 προειρημένῳ
882 2494 1000 2534 βιβλίῳ
1031 2494 1116 2534 (περὶ
1146 2492 1357 2533 εἱμαρμένησ)
1386 2495 1536 2531 τοιαύτην
1559 2494 1644 2524 τινά·
1674 2495 1718 2531 μὴ

169 2545 234 2585 ’γὰρ
256 2546 294 2576 ἂν
311 2546 375 2575 τὰσ
403 2546 465 2576 τῶν
492 2546 635 2582 μάντεων
663 2546 854 2585 προρρήσεισ
883 2546 1020 2582 ἁληθεῖσ·
1049 2545 1127 2575 εἶναί
1157 2548 1268 2583 φησιν,
1300 2545 1328 2575 εἰ
1355 2545 1399 2582 μὴ
1429 2544 1535 2575 πάντα.
1565 2545 1626 2575 ὑπὸ
1654 2546 1718 2582 τῆσ·

171 2595 367 2636 εἱμαρμένησ
400 2597 601 2636 περιείχοντο
693 2595 755 2626 106
788 2595 880 2627 hunc
913 2605 1053 2627 uersum
1085 2595 1121 2626 in
1149 2598 1172 2626 L
1201 2595 1309 2626 etiam
1334 2597 1416 2627 ante
1441 2604 1485 2626 111
1509 2595 1572 2627 291
1597 2597 1718 2627 extare

171 2647 220 2678 ibi
246 2647 415 2679 adnotaui
505 2657 563 2679 cur
589 2647 743 2684 traditur,
774 2647 835 2688 qui
864 2647 904 2679 fit
932 2650 974 2678 ut
1004 2646 1186 2678 tradatur:
1221 2647 1269 2678 sic
1294 2655 1308 2678 1
1333 2647 1410 2684 495,
1435 2647 1513 2684 498,
1542 2646 1642 2678 Lucr.
1674 2654 1719 2678 111

173 2699 282 2730 670-2
308 2699 339 2730 si
364 2698 555 2730 inmortalis
579 2701 702 2730 natura
728 2698 862 2730 animai
882 2696 888 2741 1
907 2701 1057 2730 constat.
1077 2722 1085 2729 .
1103 2722 1125 2736 .‚
1141 2707 1201 2729 cur
1225 2708 1326 2739 super
1351 2701 1428 2730 ante
1452 2700 1560 2729 actam
1576 2700 1715 2729 aetatem

172 2750 364 2781 meminisse
381 2751 558 2791 nequimus
573 2750 587 2781 :⁹
672 2749 742 2791 fati
756 2749 846 2787 ordo,
864 2749 1050 2790 εἱμαρμένη,
1069 2759 1176 2791 quam
1194 2748 1301 2782 Stoici
1319 2749 1412 2781 Plut.
1436 2749 1525 2791 plac.
1544 2748 1626 2790 phil.
1645 2757 1658 2780 1
1674 2749 1718 2781 28

172 2801 220 2831 sic
260 2800 442 2837 definiunt,
484 2803 589 2842 εἱρμὸν
632 2803 752 2840 αἰτιῶν,
796 2803 943 2833 τούτεστι
983 2803 1033 2832 τά
1046 2803 1083 2840 ξι
1097 2814 1113 2832 ν
1154 2803 1205 2833 καί
1247 2802 1449 2832 ἐπισύνδεσιν
1489 2802 1714 2841 ἀπαράβατον,

173 2851 243 2884 Cic.
269 2850 311 2883 de
336 2851 406 2884 diu.
433 2860 447 2883 1
473 2853 535 2884 125
559 2852 728 2884 ordinem
755 2852 934 2893 seriemque
962 2861 1152 2884 causarum.
1199 2854 1354 2884 ceterum
1383 2851 1463 2884 uide
1491 2850 1567 2884 Sen.
1588 2861 1659 2893 n.q.
1689 2860 1719 2883 11
