1872 3183
141 147 199 184 54
731 146 793 189 M.
827 145 1081 188 MANILII

304 271 497 312 quaeque
517 256 663 298 decem
681 256 842 312 trisque
861 256 1095 312 ingeminat
1112 255 1369 311 fraudatque
1389 254 1555 297 duobus

305 331 482 386 triginta
500 345 697 373 numeros
717 336 760 372 et
779 336 841 381 tu,
861 331 1074 373 tricesima
1093 344 1272 380 summa,
1294 344 1350 372 es,

356 405 557 461 pestifera
576 405 620 447 in
640 405 827 448 Geminis
845 420 943 461 pars
962 406 1100 461 prima
1120 410 1163 448 et
1181 405 1309 447 tertia
1329 403 1450 460 signi,

138 545 209 577 n.h.
234 554 272 578 v1
293 547 358 579 213
380 547 547 578 accedente
568 547 625 578 bis
646 547 782 587 quinta
799 550 895 587 parte
916 547 1022 578 unius
1054 546 1161 578 horae.
1209 547 1352 588 primus,
1375 547 1549 586 quantum
1569 542 1686 575 obser-

140 598 234 635 uaui,
260 597 448 630 barbarum
472 598 538 630 hoc
562 598 728 639 loquendi
750 609 859 640 genus
882 599 1019 630 inuexit
1042 598 1245 640 Appuleius,
1270 607 1374 639 quem
1399 596 1489 638 apol.
1516 597 1537 628 9
1560 605 1594 637 p.
1620 594 1686 626 403

139 649 190 680 bis
205 652 339 689 septeno
355 659 431 681 uere
446 660 510 691 pro
526 653 653 691 quarto
670 649 805 682 decimo
821 650 949 681 dixisse
966 653 1117 681 metrum
1133 649 1361 681 demonstrat.
1409 649 1495 679 item
1511 646 1687 678 Ausonius

139 701 205 733 369
221 701 264 732 34
280 700 389 743 (Peip.
408 711 441 743 p.
460 702 517 741 97)
533 705 666 741 septeno
681 711 757 733 cum
773 702 906 733 lumina
916 701 1010 742 fudit
1025 701 1065 732 ab
1081 704 1169 732 astro
1184 702 1302 743 posuit
1317 711 1380 743 pro
1396 699 1557 741 septimo,
1573 706 1688 738 neque

139 751 317 783 intercedo
341 753 528 793 quominus
551 752 644 783 idem
668 756 780 784 metro
803 762 874 784 non
898 755 1043 794 cogente
1067 753 1132 785 250
1159 754 1173 784 1
1201 752 1310 793 (Peip.
1336 762 1369 793 p.
1396 752 1476 790 335)
1499 749 1550 781 bis
1573 752 1687 781 octono

138 802 199 834 sub
228 803 361 835 consule
389 814 452 845 pro
482 803 535 835 bis
564 806 691 836 octauo
720 804 896 846 scripsisse
924 807 1116 835 censeatur.
1165 803 1225 835 sed
1257 803 1487 835 Nemesianus
1515 811 1593 843 cyn.
1623 800 1686 833 123

138 853 219 886 bina
237 854 394 894 lampade
411 865 481 886 non
500 855 592 886 dixit
609 865 673 897 pro
692 855 803 887 altera
820 865 942 887 uerum
961 865 1101 897 prorsus
1119 858 1212 886 recte
1230 865 1292 896 pro
1311 853 1453 895 duplici,
1471 853 1508 884 in
1526 852 1592 890 his,
1610 860 1688 883 cum

137 915 171 936 se
189 905 271 937 bina
283 905 441 947 formarit
460 906 616 946 lampade
634 906 773 945 Phoebe,
792 906 828 938 id
847 910 901 938 est
918 917 994 938 cum
1013 907 1096 938 luna
1120 906 1171 938 bis
1194 908 1280 947 (non
1302 906 1436 945 iterum)
1454 904 1556 944 plena
1568 902 1686 944 fuerit.

136 958 173 988 in
189 957 308 989 Claud.
327 966 365 989 VI
381 968 473 990 cons.
492 958 584 989 Hon.
603 959 664 990 391
683 961 839 990 centenus
853 958 970 990 consui
984 968 1055 990 non
1071 958 1181 999 magis
1205 968 1268 999 pro
1294 957 1508 988 centensimo
1531 954 1687 997 positum

138 1011 192 1040 est
210 1019 317 1050 quam
336 1010 401 1041 388
420 1019 470 1050 sq.
490 1013 621 1041 centum
639 1009 801 1041 messibus
819 1020 882 1051 pro
900 1010 1116 1041 centensima
1133 1019 1266 1046 messe3
1297 1008 1427 1040 nedum
1445 1010 1487 1039 ut
1504 1005 1687 1044 MartiaIiS,

137 1070 219 1092 cum
235 1069 303 1092 vm
318 1062 361 1092 45
377 1062 398 1092 4
413 1060 577 1100 amphora
591 1064 724 1093 centeno
739 1061 873 1093 consule
882 1060 977 1102 sacta
992 1061 1102 1092 minor
1117 1060 1293 1098 scriberet,
1309 1059 1509 1091 centensimo
1523 1057 1685 1090 uoluerit.

138 1111 203 1143 hoc
227 1115 346 1144 autem
369 1112 503 1144 Manilii
526 1123 639 1151 uersu,
664 1116 705 1144 ut
728 1112 880 1150 uidetur,
905 1112 1072 1154 deceptus
1096 1112 1246 1153 Scaliger
1267 1111 1445 1143 innocenti
1467 1112 1593 1152 poetae
1615 1118 1688 1140 non

138 1164 254 1195 minus
273 1163 386 1195 tribus
405 1164 489 1195 locis
509 1164 655 1195 similem
681 1164 922 1195 soloecismum
949 1164 1121 1201 adfinxit3
1154 1173 1237 1194 nam
1257 1164 1322 1194 455
1342 1166 1394 1194 ter
1413 1162 1533 1202 quina
1552 1164 1580 1192 et
1605 1160 1685 1201 (hoc

136 1218 191 1246 est
209 1218 255 1246 ter
273 1215 423 1256 quintae)
441 1216 545 1247 noxia
560 1225 626 1255 par
644 1219 690 1247 est
708 1216 743 1247 in
762 1219 809 1247 ter
827 1216 960 1256 quinae,
980 1216 1042 1247 461
1063 1225 1122 1247 nec
1140 1218 1194 1246 ter
1211 1214 1368 1255 quintae
1392 1213 1580 1245 clementior
1603 1221 1687 1243 usus

137 1267 173 1298 in
193 1269 241 1297 ter
260 1267 383 1307 quinae
402 1267 467 1308 (ita
484 1277 566 1298 sane
589 1268 639 1307 G),
661 1268 726 1299 478
751 1277 835 1308 quae
860 1271 914 1298 ter
938 1267 1077 1307 quinta
1101 1270 1235 1298 notatur
1253 1267 1291 1298 in
1315 1269 1362 1297 ter
1381 1265 1487 1306 quina
1506 1263 1686 1295 mutauit:

136 1319 302 1350 successit
327 1319 422 1360 operi
444 1319 623 1350 Bentleius
648 1321 684 1350 et
708 1329 771 1360 pro
793 1318 851 1350 bis
876 1319 1011 1359 quinta
1031 1318 1160 1350 salubri
1180 1316 1185 1361 Ι
1205 1321 1313 1358 terque
1333 1319 1420 1348 caret
1439 1315 1528 1347 caelo
1548 1315 1614 1347 465
1633 1323 1684 1355 sq.

136 1370 285 1401 nouauit
308 1369 358 1402 bis
380 1370 495 1410 quina.
544 1373 702 1412 superest
726 1371 833 1412 igitur
861 1374 903 1402 ut
925 1381 957 1402 u.
983 1371 1048 1402 472
1074 1380 1137 1411 pro
1160 1379 1243 1410 quae
1265 1372 1324 1400 ter
1346 1369 1538 1400 decumam
1559 1365 1687 1398 claudit

136 1430 208 1452 sors
228 1421 350 1453 ultima
367 1424 498 1461 partem
518 1421 691 1453 scribatur
711 1424 757 1453 ter
782 1422 902 1453 denam
925 1424 962 1453 et
982 1430 1005 1453 v
1026 1422 1090 1453 365
1111 1424 1167 1453 ter
1190 1421 1346 1453 decuma
1365 1419 1425 1451 sub
1446 1421 1542 1459 parte
1560 1417 1630 1460 seri
1649 1418 1686 1448 in

137 1475 184 1504 ter
210 1473 297 1504 dena
323 1475 359 1504 et
386 1472 540 1504 eiusdem
567 1473 646 1505 libri
677 1474 743 1505 490
775 1472 832 1504 bis
866 1476 1073 1514 sextamque
1099 1476 1191 1504 notat
1214 1475 1345 1512 partem
1364 1470 1527 1513 fluuialis
1553 1469 1687 1510 Aquari

136 1524 172 1555 in
190 1523 240 1555 bis
257 1534 372 1555 senam
390 1527 556 1556 mutetur.
605 1535 718 1566 neque
735 1524 931 1556 Martialem
950 1524 1148 1566 Hispanum
1166 1523 1290 1555 Latine
1303 1523 1506 1564 loquentem
1521 1521 1685 1558 feremus,

135 1575 196 1606 sed
216 1584 254 1607 IV
272 1577 314 1607 57
334 1577 355 1607 4
372 1586 436 1617 pro
454 1585 518 1617 quo
535 1579 564 1608 te
582 1575 641 1607 bis
659 1576 829 1608 decimus
846 1576 938 1608 ducit
950 1576 990 1607 ab
1009 1576 1088 1607 urbe
1105 1575 1196 1615 lapis
1213 1575 1381 1606 faciemus
1399 1574 1450 1605 bis
1467 1573 1584 1611 denus,
1598 1573 1685 1603 item

135 1626 186 1658 bis
206 1627 309 1658 denae
329 1636 367 1658 VI
387 1628 429 1659 65
452 1629 466 1659 1
489 1638 552 1669 pro
573 1627 630 1658 bis
650 1627 826 1659 decumae
845 1630 1075 1659 numerantem
1089 1625 1220 1667 friqora
1237 1626 1395 1663 brumae3
1427 1625 1464 1656 in
1480 1624 1534 1655 his
1551 1626 1684 1660 autem,

135 1686 149 1710 1
171 1679 211 1710 15
236 1679 255 1710 3
276 1678 333 1710 bis
352 1678 422 1710 iam
439 1688 548 1718 paene
567 1678 627 1710 tibi
646 1679 763 1710 consul
781 1679 1031 1710 tricensimus
1050 1678 1165 1716 instat,
1186 1678 1269 1719 quia
1294 1677 1439 1708 tricenus
1457 1675 1594 1707 numeri
1612 1684 1684 1706 non

137 1729 346 1768 admittunt,
367 1740 473 1772 graue
497 1730 663 1761 mendum
688 1730 827 1761 subesse
851 1730 1017 1768 dicemus,
1042 1740 1155 1771 neque
1178 1729 1289 1761 leuius
1312 1729 1348 1760 in
1374 1727 1491 1761 Ouidii
1513 1737 1617 1758 uersu
1640 1736 1684 1757 ex

137 1781 239 1813 Pont.
263 1790 301 1812 1v
324 1782 364 1814 10
383 1783 398 1813 1
418 1781 477 1813 bis
493 1782 607 1813 tertia
624 1782 757 1814 ducitur
773 1785 890 1813 aestas.
939 1792 982 1813 ne
1004 1792 1024 1813 a
1044 1780 1219 1823 lapidibus
1236 1780 1378 1822 quidem
1395 1778 1680 1821 temperabimus,

136 1832 197 1864 sed
222 1832 332 1864 C.I.L.
359 1841 397 1864 VI
421 1833 510 1865 5534
533 1834 553 1864 2
578 1843 640 1874 pro
665 1843 778 1864 annus
802 1836 838 1864 ut
866 1833 1008 1871 accedat,
1033 1835 1086 1864 ter
1110 1832 1195 1864 mihi
1219 1832 1379 1872 quintus
1403 1833 1472 1863 erat
1494 1829 1687 1862 scribemus

135 1884 271 1924 quinus.
319 1887 474 1916 ceterum
501 1884 604 1916 huius
631 1894 751 1916 uersus
778 1893 817 1916 iv
844 1885 920 1922 451,
949 1884 1088 1926 qualem
1115 1894 1195 1915 eum
1222 1883 1371 1921 restitui,
1398 1882 1574 1914 sententia
1600 1881 1687 1912 haec

133 1938 188 1966 est
204 1947 211 1966 :
239 1937 276 1966 et
289 1945 330 1966 ea
343 1945 435 1977 pars,
450 1945 540 1977 quae
555 1935 607 1967 bis
621 1935 761 1966 undena
775 1936 973 1976 (numerum
985 1936 1080 1975 XXII)
1093 1937 1207 1972 notat,
1222 1937 1259 1966 et
1272 1944 1324 1972 ea,
1339 1943 1429 1975 quae
1443 1932 1496 1964 bis
1510 1931 1686 1968 duodena,

136 1988 302 2017 nocentes
322 1989 415 2017 sunt.
464 1986 567 2017 simili
588 1987 745 2017 oratione
766 1996 849 2018 usus
869 1989 923 2018 est
943 1997 976 2017 u.
996 1987 1061 2017 485
1082 1986 1137 2017 uel
1155 1995 1231 2017 cum
1251 1988 1298 2016 ter
1317 1985 1404 2017 dena
1417 1983 1545 2025 fiqurat
1563 1986 1600 2015 et
1620 1983 1686 2015 487

136 2037 372 2078 decumamque
395 2047 534 2078 sequens
559 2047 659 2078 quam
684 2037 781 2069 tertia
806 2038 928 2078 siqnat,
954 2037 1102 2069 notandi
1127 2037 1274 2068 uerbum
1298 2036 1417 2078 posuit
1441 2036 1507 2067 478
1532 2044 1616 2076 quae
1640 2037 1689 2066 ter

135 2089 255 2129 quinta
285 2091 428 2120 notatur.
476 2088 546 2120 fuit
576 2099 655 2120 eum
694 2089 886 2120 conicerem
925 2088 1038 2129 bisque
1075 2089 1212 2120 undena
1241 2097 1362 2119 nocens
1394 2090 1422 2118 et
1452 2086 1504 2118 bis
1533 2086 1688 2118 duodena

135 2150 346 2177 recensen3‚
360 2141 416 2172 cui
434 2140 560 2172 similia
578 2143 661 2172 sunt
679 2141 744 2172 484
761 2150 900 2181 cumque
917 2141 1037 2172 iterum
1055 2140 1208 2172 duodena
1225 2138 1321 2180 refert
1338 2142 1375 2170 et
1392 2138 1513 2171 Claud.
1533 2147 1572 2169 VI
1590 2147 1684 2169 cons.

138 2191 230 2223 Hon.
252 2192 317 2224 392
336 2191 389 2224 his
407 2192 521 2230 annis,
541 2191 599 2232 qui
618 2191 723 2223 lustra
742 2191 827 2223 mihi
846 2191 896 2223 bis
914 2192 1001 2224 dena
1018 2194 1194 2229 recensent,
1213 2201 1276 2222 nec
1295 2189 1470 2222 dissimilis
1488 2188 1688 2231 corruptela

139 2243 214 2275 Val.
234 2242 284 2274 Fi.
305 2252 334 2275 11
358 2244 422 2275 327
447 2253 498 2284 sq.
517 2253 575 2274 nec
599 2242 696 2274 turba
719 2253 858 2274 nocens
883 2243 1077 2284 scelerisque
1097 2242 1270 2274 nocentis
1293 2243 1370 2283 (pro
1387 2241 1540 2280 recentis)
1563 2239 1568 2284 Ι
1587 2240 1687 2281 siqna

138 2297 272 2325 mouent
362 2297 469 2335 atque
497 2294 582 2325 haec
610 2293 719 2325 ferme
747 2305 839 2326 anno
870 2295 955 2327 1903
983 2294 1214 2336 disputaram,
1242 2293 1301 2325 lib.
1332 2301 1346 2324 1
1373 2291 1480 2334 praef.
1511 2301 1545 2333 p.
1574 2291 1686 2329 lxxiv,

137 2346 278 2387 quibus,
301 2345 329 2377 si
351 2345 438 2377 nihil
460 2345 566 2383 aliud,
589 2345 754 2377 effectum
776 2349 830 2377 est
851 2349 892 2377 ut
915 2346 1091 2377 Breiterus
1113 2345 1206 2377 hunc
1228 2354 1407 2376 musarum
1428 2343 1541 2374 fetum
1562 2352 1686 2384 expro-

139 2400 272 2428 meret:
317 2396 431 2437 bisque
461 2397 596 2429 undena
626 2400 742 2429 nocent
773 2400 801 2428 et
826 2397 876 2428 bis
901 2397 1054 2429 duodena
1086 2396 1247 2428 nocebunt
1336 2395 1400 2426 4-52
1425 2403 1584 2432 quaeque
1610 2394 1686 2431 (ΗΞ,

140 2458 314 2487 quemque
346 2452 404 2480 ΒΜ
493 2452 675 2487 fraudatq.
702 2448 862 2490 Scaliger,
896 2452 1064 2481 fraudata
1097 2447 1173 2485 (ΠΡ,
1206 2450 1333 2480 frauda
1365 2449 1433 2478 ΒΜ.
1482 2446 1548 2477 488
1580 2445 1687 2477 tribus

138 2503 198 2532 aut
217 2509 289 2531 una
313 2509 396 2540 quae
421 2502 460 2537 te,
486 2500 660 2538 uicesima,
681 2499 823 2540 fraudat
911 2501 976 2531 453
995 2504 1032 2532 et
1051 2504 1120 2537 LM,
1138 2509 1176 2532 ec
1196 2503 1221 2531 G
1310 2503 1352 2531 tu
1368 2502 1401 2537 L,
1421 2500 1470 2529 tri
1488 2501 1533 2534 M,
1552 2501 1629 2529 tum
1648 2501 1685 2534 G,

140 2556 224 2584 tunc
250 2550 326 2582 cod.
346 2551 500 2583 Venetus
591 2561 628 2583 es
660 2550 760 2582 codd.
789 2550 878 2582 Flor.
905 2554 942 2582 et
971 2550 1084 2588 Bodl„
1111 2554 1166 2583 est
1194 2553 1278 2582 (ΗΜ
1304 2548 1379 2581 cod.
1399 2548 1565 2586 Venetus,
1591 2547 1687 2589 quod

140 2602 271 2634 deleuit
297 2602 456 2644 Scaliger.
506 2602 717 2644 apostrophe
743 2602 893 2634 habetur
918 2603 1025 2634 etiam
1052 2603 1117 2633 464
1143 2604 1179 2633 et
1204 2602 1280 2633 488.
1328 2604 1483 2632 ceterum
1510 2600 1686 2631 Breiterus

140 2657 177 2686 et
201 2654 266 2685 hoc
290 2664 392 2686 uersu
417 2657 452 2685 et
476 2655 541 2686 463
565 2663 698 2685 summa
720 2654 973 2695 interpretatur
996 2654 1127 2691 ultima,
1152 2653 1195 2684 de
1219 2653 1284 2684 446
1308 2655 1344 2684 et
1368 2653 1432 2684 497
1457 2654 1553 2683 tacet

185 2705 337 2736 454-458
354 2705 579 2737 Geminorum
600 2709 718 2746 partes
734 2714 747 2736 1
764 2714 807 2737 111
824 2714 877 2736 vn
892 2714 940 2737 xv
956 2714 1021 2736 xm
1035 2714 1101 2736 xm
1115 2713 1190 2736 xxv
1204 2713 1310 2736 xxvi]
1323 2712 1414 2735 xxix
1503 2702 1568 2733 454
1591 2704 1687 2740 signi

141 2757 280 2789 Ellisius
292 2761 384 2789 noct.
398 2758 490 2789 Man.
504 2768 536 2799 p.
553 2759 626 2795 130,
641 2760 753 2796 signis
763 2758 851 2789 libri.
891 2759 1028 2799 gemina
1039 2759 1137 2799 signa
1148 2758 1302 2798 quinque
1315 2759 1408 2794 sunt,
1422 2764 1456 2790 11
1473 2763 1520 2797 τηζ
1536 2755 1562 2798 ‡
1576 2757 1620 2796 lc?
1634 2760 1684 2795 Χ,

140 2811 178 2841 in
193 2810 320 2851 quibus
336 2810 399 2842 has
414 2820 568 2842 nouenas
586 2814 703 2852 partes
720 2810 902 2852 pestiferas
922 2821 995 2842 esse
1015 2810 1142 2842 falsum
1160 2813 1213 2841 est
1229 2822 1236 2841 ε
1263 2810 1399 2841 Gemini
1420 2819 1529 2840 unum
1546 2810 1684 2850 signum

142 2861 309 2900 efficiunt,
332 2872 414 2893 nam
438 2861 480 2893 de
504 2862 618 2894 Germ.
642 2862 766 2904 phaen.
788 2863 849 2894 541
876 2862 947 2894 dixi
971 2862 1015 2893 ad
1039 2871 1067 2893 11
1092 2862 1177 2899 1963
1214 2871 1337 2902 neque,
1361 2862 1389 2892 si
1412 2861 1563 2892 maxime
1585 2860 1685 2901 siyna
