1872 3183
590 151 1077 196 ASTRONOMICON
1108 151 1174 193 IV
1600 153 1624 191 5
1633 153 1652 191 1

283 267 327 304 et
345 276 483 305 sacros
502 262 608 305 caeli
628 267 769 305 motus
788 262 843 304 ad
863 262 976 304 iussa
995 261 1255 318 loquendum
1274 265 1351 309 est,

283 350 358 379 nec
378 336 573 392 fingenda
593 336 732 387 datur,
754 341 927 379 tantum
946 335 1223 378 monstranda
1243 335 1388 390 figura.

286 410 517 452 ostendisse
536 410 663 452 deum
682 411 807 452 nimis
826 416 891 453 est
910 426 918 453 2
954 410 1076 452 dabit
1094 410 1183 465 ipse
1202 409 1371 451 sibimet

159 492 228 524 440
285 484 485 540 pondera.
542 499 618 527 nec
638 485 702 527 fas
721 490 786 527 est
805 485 944 527 uerbis
963 484 1243 540 splendescere
1263 481 1470 525 mundum
1490 497 1497 523 :

286 559 410 600 rebus
430 559 509 600 erit
528 559 674 601 maior.
731 573 806 601 nec
826 573 960 614 parua
980 563 1044 600 est
1062 558 1199 614 gratia
1219 557 1353 599 nostri

286 633 382 682 oris,
402 633 438 674 si
455 637 628 675 tantum
647 633 805 688 poterit
824 634 987 689 signare
1006 632 1209 674 cauenda.

288 707 429 763 accipe
448 707 716 749 damnandae
735 722 844 762 quae
863 707 951 749 sint
969 722 1042 762 per
1062 707 1199 748 sidera
1217 710 1372 762 partes..

342 781 537 837 Lanigeri
555 796 653 837 pars
672 787 825 837 quarta
844 786 969 824 nocet
987 796 1063 823 nec
1082 786 1204 822 sexta
1223 779 1400 822 salubris
1420 793 1427 828 ;

164 863 233 894 445
289 855 470 911 septima
489 870 565 911 par
585 855 643 897 illi
662 870 710 898 ac
730 856 908 898 decuma
927 861 992 897 est
1011 855 1297 910 decumaeque
1316 853 1499 896 secunda

123 1016 402 1057 superbissimum
491 1017 554 1048 438
583 1021 746 1056 fingenda
773 1027 836 1058 pro
865 1027 937 1048 uar.
968 1026 1031 1048 scr.
1061 1016 1110 1054 L2,
1139 1019 1311 1056 singenda
1339 1019 1384 1053 Μ,
1413 1018 1588 1054 signanda
1616 1017 1666 1046 GL

124 1067 200 1100 cod.
225 1068 378 1100 Venetus
467 1069 532 1100 439
553 1071 645 1100 recte
666 1069 771 1100 nimis
793 1068 935 1110 ponitur
956 1077 999 1100 111
1021 1069 1063 1100 34
1088 1077 1171 1109 qaae
1191 1078 1288 1099 nosse
1308 1066 1424 1104 nimis,
1446 1066 1538 1107 quid,
1561 1065 1667 1098 dicere

124 1122 288 1160 quantum
305 1122 351 1151 est
364 1121 380 1151 :⁹
409 1130 501 1151 nunc
519 1120 710 1151 ostendisse
728 1119 832 1151 deum
850 1130 920 1151 non
938 1119 1043 1151 nimis
1060 1119 1121 1151 sed
1139 1122 1263 1161 poetae
1282 1118 1365 1150 salis
1382 1128 1455 1150 esse
1479 1116 1664 1149 dicendum

123 1173 211 1208 erat,
241 1170 307 1203 deo
335 1172 411 1213 ipso
440 1174 556 1203 cetera
587 1171 764 1203 effecturo.
811 1170 871 1202 sed
904 1174 1061 1212 praestat
1090 1174 1270 1208 nostrum,
1301 1170 1365 1202 hoc
1394 1172 1448 1201 est
1476 1168 1578 1201 nram

169 1222 234 1253 440
264 1232 326 1254 nec
357 1227 412 1254 fas
442 1222 492 1260 L2,
525 1227 625 1255 nefas
657 1227 741 1255 GLM
831 1226 1072 1261 splendescere
1106 1222 1294 1259 Bentleius‚
1326 1225 1540 1259 suspendere
1576 1219 1666 1251 libri.

127 1273 328 1314 suspendere
355 1273 544 1305 extollendi
569 1273 874 1315 amplificandique
907 1284 1009 1305 sensu
1042 1284 1112 1305 non
1145 1273 1296 1304 dicitur:
1339 1271 1563 1314 suspenditur
1595 1280 1665 1302 non

126 1324 222 1366 quod
262 1325 392 1356 eminet
438 1324 498 1356 sed
539 1325 634 1366 quod
677 1325 768 1356 infra
806 1335 841 1356 se
883 1335 1034 1356 uacuum
1078 1324 1185 1356 habet
1224 1327 1260 1356 et
1302 1324 1394 1355 iusto
1437 1322 1668 1354 fundamento

125 1385 241 1407 061616
266 1375 415 1408 uidetur.
464 1376 633 1408 mundum
663 1386 684 1407 a
712 1376 826 1408 uerbis
861 1375 1079 1418 splendorem
1104 1378 1210 1416 atque
1242 1375 1489 1406 auctoritatem
1515 1374 1669 1414 accipere

126 1426 224 1458 nefas
263 1430 328 1465 est,
368 1437 472 1468 quem
512 1437 564 1458 res
602 1428 768 1458 maiorem
807 1426 994 1459 ostendent
1033 1437 1140 1468 quam
1183 1426 1290 1458 uerba
1329 1428 1476 1468 possunt
1514 1424 1667 1456 reddere.

127 1478 306 1510 Bentleius
334 1478 456 1510 attulit
482 1487 526 1510 ΠΙ
553 1480 595 1511 39
617 1479 732 1510 ornari
759 1488 809 1510 res
837 1479 914 1518 ipsa
940 1481 1037 1518 neqat
1060 1481 1210 1510 contenta
1228 1478 1336 1510 doceri
1424 1477 1488 1508 442
1513 1479 1671 1509 cauenda,

127 1533 161 1560 M
197 1530 288 1561 sicut
327 1530 521 1561 coniecerat
554 1529 743 1567 Bentleius,
784 1533 940 1562 canenda.
972 1529 1047 1567 GL2,
1080 1529 1175 1571 quod
1208 1529 1302 1560 haud
1338 1529 1440 1570 pauci
1465 1530 1670 1569 receperunt

126 1580 288 1619 editores,
321 1581 511 1622 explicauit
544 1581 670 1618 nullus,
696 1584 844 1613 canendi
875 1584 910 1618 L,
943 1581 975 1612 si
1007 1584 1117 1612 tamen
1150 1580 1227 1612 haec
1258 1590 1328 1620 με.
1363 1579 1511 1611 canendo
1544 1579 1669 1620 Regio-

127 1634 327 1664 montanus.
375 1631 532 1663 cauenda
569 1632 684 1673 signat
724 1631 880 1664 uersibus
921 1633 1087 1669 444—497,
1129 1632 1219 1663 sicut
1255 1642 1287 1663 u.
1328 1632 1393 1663 430
1431 1630 1568 1662 dixerat
1609 1629 1670 1661 liae

126 1682 349 1725 (insalubres)
379 1683 465 1714 milii
495 1683 680 1724 siqnandae
696 1707 703 1714 .
723 1707 730 1715 .
750 1707 757 1715 .
776 1686 855 1714 sunt
871 1707 878 1714 .
897 1707 906 1715 .
925 1707 932 1715 .
949 1686 1072 1723 partes,
1108 1693 1195 1724 quas
1230 1693 1263 1714 u.
1300 1683 1365 1714 443
1382 1682 1594 1714 damnandas
1619 1682 1671 1712 ait

215 1733 279 1765 443
319 1734 542 1772 damnandae,
583 1735 649 1766 490
689 1734 884 1766 damnanda
971 1733 1123 1765 444-497
1168 1734 1292 1764 merito
1333 1732 1376 1764 de
1417 1732 1470 1765 his
1513 1731 1672 1764 uersibus

126 1784 277 1827 Scaliger
300 1784 308 1798 ‘
322 1785 430 1817 nota’
458 1785 574 1826 inquit
601 1785 609 1798 ‘
623 1785 877 1817 fecunditatem
901 1785 1029 1826 ingenii
1046 1787 1170 1826 poetae
1195 1785 1231 1815 in
1255 1785 1331 1816 istis
1357 1784 1501 1815 morosis
1518 1783 1671 1815 numeris

125 1835 370 1878 concipiendis.
418 1837 533 1867 nescio
569 1846 615 1867 an
652 1835 778 1868 Ouidio
816 1836 937 1867 melius
970 1836 1161 1873 cessisset’,
1200 1835 1378 1867 Bentleius
1419 1834 1670 1866 ‘admiratione

126 1887 272 1930 dignum
296 1890 361 1925 est,
387 1890 475 1928 quot
499 1887 611 1918 modis
635 1887 671 1918 in
696 1887 818 1918 eadem
843 1897 878 1918 re
906 1886 1081 1918 narranda
1112 1887 1302 1918 uariauerit
1328 1886 1453 1918 faciem
1478 1885 1643 1927 loquendi
1660 1885 1668 1898 ’

215 1939 367 1969 444—448
387 1938 515 1970 Arietis
535 1938 756 1969 damnandae
781 1941 864 1969 sunt
887 1941 1004 1979 partes
1026 1947 1064 1969 1v
1085 1946 1123 1969 VI
1144 1946 1197 1969 vn
1216 1946 1241 1969 x
1261 1946 1301 1969 XI
1322 1939 1382 1978 (an
1402 1937 1471 1976 XII)
1491 1946 1555 1968 xrv
1575 1945 1670 1968 XVIrI

124 1998 192 2020 XXI
209 1998 284 2020 XXV
302 1997 407 2020 XXVII
495 1989 560 2019 444
573 1991 664 2020 nocet
678 1990 753 2026 451,
766 1990 830 2020 456
920 1988 1066 2020 salubris
1085 1989 1162 2025 427,
1174 1989 1239 2020 465
1328 1988 1391 2018 445
1403 1997 1468 2026 par
1480 1987 1670 2026 Bentleius,

128 2051 212 2079 pars
233 2040 312 2072 libri
401 2039 455 2071 illi
476 2049 525 2077 ac,
547 2039 627 2071 uide
649 2039 694 2071 ad
716 2049 729 2071 I
752 2041 815 2072 323
839 2039 1019 2071 adnotata.
1070 2038 1180 2071 ‘wohl
1201 2039 1264 2070 das
1285 2039 1415 2080 einzige
1438 2038 1587 2080 Beispiel
1609 2038 1672 2070 der

128 2092 261 2123 Elision
283 2092 377 2123 einer
398 2091 524 2132 langen
547 2091 639 2123 Silbe
662 2091 698 2122 in
721 2091 782 2123 der
805 2091 933 2124 Caesur
967 2091 1020 2122 bei
1044 2090 1206 2122 Manilius
1220 2090 1227 2103 ’
1255 2091 1441 2127 Breiterus,
1466 2100 1555 2131 quae
1588 2099 1668 2121 cum

127 2143 304 2180 scriberet,
330 2142 487 2174 nondum
513 2142 647 2173 sciebat
673 2152 708 2173 se
735 2152 817 2174 mox
853 2153 886 2173 u.
915 2143 982 2173 474
1008 2152 1051 2173 ex
1077 2142 1276 2173 coniectura
1302 2141 1479 2172 editurum
1505 2150 1577 2172 esse
1605 2150 1669 2171 un-

126 2194 272 2226 decimae
290 2196 329 2231 et,
348 2193 433 2234 quid
452 2196 533 2225 ante
552 2194 696 2235 triginta
715 2204 834 2225 uersus
852 2194 1016 2235 opinatus
1034 2195 1124 2224 esset
1142 2192 1301 2224 oblitum.
1349 2192 1452 2223 simili
1470 2191 1670 2233 diligentiae

126 2245 313 2287 specimine
337 2244 513 2277 Garrodus
537 2244 581 2275 ad
606 2253 634 2276 ΙΙ
658 2246 720 2276 747
747 2244 801 2275 hic
825 2244 928 2276 scribi
952 2244 1052 2275 iussit
1075 2243 1130 2275 illi
1153 2247 1209 2281 est,
1235 2244 1317 2284 quia
1341 2242 1549 2285 spondiacae
1573 2244 1669 2274 uocis

125 2294 229 2326 elisae
253 2296 349 2325 certa
373 2293 534 2335 exempla
558 2296 696 2334 praeter
720 2302 758 2324 Iv
783 2294 847 2325 923
873 2296 909 2324 et
936 2301 958 2324 v
983 2293 1048 2324 476
1074 2291 1169 2333 apud
1194 2291 1375 2323 Manilium
1400 2302 1470 2323 non
1494 2294 1669 2327 extarent,

126 2346 199 2387 ipse
225 2345 332 2376 nihilo
359 2345 473 2376 minus
499 2353 527 2376 11
553 2345 618 2376 860
644 2355 707 2376 sua
732 2345 932 2376 coniectura
958 2343 1077 2375 mundi
1103 2343 1222 2375 etenim
1247 2343 1435 2385 positurus,
1463 2353 1543 2374 cum
1569 2353 1666 2385 prae-

126 2397 246 2428 sertim
276 2396 368 2427 hunc
399 2399 540 2437 poetam
570 2396 690 2437 longas
721 2395 872 2437 syllabas
908 2398 1075 2436 sequente
1106 2394 1203 2426 breui
1233 2404 1304 2426 non
1333 2393 1459 2426 elidere
1495 2394 1670 2426 Lucianus

126 2448 311 2479 Muellerus
336 2448 407 2479 iam
434 2457 525 2478 anno
554 2448 636 2479 1861
666 2447 906 2479 obseruauerit
996 2450 1132 2479 decima
1158 2448 1175 2478 ὃ
1203 2445 1392 2483 Bentlcius,
1420 2450 1586 2478 decumae
1611 2449 1670 2478 ΒΜ

127 2499 202 2540 (sed
231 2499 368 2530 inuerso
398 2498 583 2530 uerborum
613 2498 744 2536 ordine,
775 2502 1010 2536 decumaeque
1040 2498 1231 2537 decumae),
1263 2501 1408 2529 decuma
1437 2496 1512 2535 GL2,
1541 2496 1672 2529 decima

125 2561 148 2582 a
171 2550 360 2590 decimaque
384 2549 538 2591 Heringa
561 2549 633 2581 obs.
660 2550 734 2581 crit.
761 2560 794 2591 p.
821 2551 875 2587 73,
900 2549 1043 2589 septima
1064 2558 1147 2589 pars
1170 2548 1226 2580 illi
1249 2558 1270 2580 a
1293 2549 1431 2581 decuma
1453 2548 1670 2589 decumaeque

125 2601 272 2633 secunda
287 2600 437 2642 Scaliger
452 2601 581 2632 maiore
596 2611 741 2632 numero
758 2601 882 2632 minori
898 2601 1108 2642 praeposito,
1126 2599 1221 2641 quod
1236 2610 1307 2631 non
1323 2599 1363 2631 fit
1379 2599 1444 2631 nisi
1460 2600 1496 2631 in
1512 2599 1670 2632 uersibus

124 2652 278 2685 turbatis
298 2652 364 2684 473
384 2661 434 2693 sq.
526 2652 691 2684 secundus
712 2651 833 2683 addito
854 2651 976 2683 datiuo
997 2651 1200 2692 plerumque
1221 2650 1417 2682 inferiorem
1438 2650 1670 2688 demonstrat,

127 2707 168 2736 ut
182 2704 282 2745 Verg.
298 2702 384 2734 Aen.
398 2711 438 2733 XI
452 2703 528 2740 441,
543 2702 603 2734 sed
617 2704 816 2744 proximum
831 2703 932 2734 Mart.
950 2711 987 2734 IV
1002 2703 1044 2734 23
1060 2703 1080 2734 8
1094 2702 1149 2733 illi
1162 2712 1213 2733 me
1222 2701 1334 2743 facias
1346 2711 1461 2741 precor
1474 2701 1667 2738 secandum,

126 2763 179 2787 VII
202 2756 244 2787 27
272 2755 287 2786 1
314 2763 365 2795 sq.
394 2753 523 2784 Tuscae
545 2753 679 2793 ylandis
701 2764 782 2794 aper
804 2753 984 2793 populator
1008 2757 1036 2784 et
1060 2753 1136 2784 ilice
1159 2753 1267 2784 multa
1287 2751 1292 2795 Ι
1311 2753 1381 2784 iam
1404 2752 1509 2792 piqer,
1534 2752 1672 2785 Aetolae

120 2806 221 2848 fama
237 2804 383 2837 secunda
395 2803 499 2845 ferae,
517 2813 572 2836 XII
591 2805 610 2836 8
633 2805 646 2836 l
668 2814 718 2845 sq.
744 2803 860 2841 Roma,
883 2803 887 2847 Ι
907 2804 963 2835 cai
979 2814 1044 2844 par
1063 2807 1109 2835 est
1126 2803 1216 2835 nihil
1234 2807 1262 2835 et
1280 2803 1369 2835 nihil
1386 2803 1579 2841 secundam,
1597 2812 1667 2836 XIII

127 2858 149 2889 5
178 2857 197 2888 2
225 2856 339 2888 tubera
365 2855 478 2887 boletis
504 2865 606 2895 poma
633 2855 778 2887 secunda
804 2865 931 2887 sumus.
980 2865 1195 2897 quamquam
1223 2855 1276 2887 his
1304 2854 1386 2886 locis
1415 2855 1670 2887 aestimationis
