1872 3183
147 121 201 160 72
745 115 806 157 M.
840 114 1092 157 MANILII

308 229 532 285 garrulitas
552 228 696 271 odiosa
716 227 843 269 datur
863 226 1113 283 linguaeque
1132 241 1341 270 uenenum

184 313 253 345 575
309 304 440 348 uerba
459 303 643 358 maligna
663 317 796 345 nouas
816 301 1024 344 mutantis
1043 316 1206 357 semper
1226 301 1281 343 ad
1301 301 1426 351 auris,

309 453 485 496 crimina
505 467 578 508 per
598 451 804 508 populum
823 451 969 507 populi
988 451 1094 493 ferre
1114 466 1183 493 ore
1204 451 1390 507 bilingui.

309 528 424 570 nulla
444 527 547 569 fides
567 527 692 568 inerit
711 527 837 576 natis,
858 527 931 568 sed
950 541 1117 568 summa
1137 526 1266 568 libido

309 602 531 644 ardentem
552 601 712 643 medios
732 601 922 643 animum
942 601 1060 643 iubet
1080 600 1138 642 ire
1157 616 1230 656 per
1250 601 1377 656 ignes.

310 677 467 719 scilicet
487 676 530 717 in
549 675 708 732 piscem
726 690 815 717 sese
835 675 1043 730 Cytherea
1063 675 1252 724 nouauit,

183 761 251 793 580
308 766 406 794 cum
426 750 736 805 Babyloniacas
755 764 991 792 summersa
1010 750 1197 806 profugit
1216 750 1259 791 in
1279 749 1414 792 undas

145 878 391 912 memorandae
421 876 563 919 quidem
587 879 669 908 sunt
760 877 825 908 574
847 886 1021 909 uenenum
1044 875 1144 907 codd.
1171 876 1260 908 Flor.
1286 878 1322 908 et
1347 875 1459 914 Bodl.‚
1483 879 1690 908 mouentum.

146 935 243 968 GLM,
275 933 452 963 mouentis
488 928 563 960 cod.
590 928 754 960 Venetus.
803 928 991 969 requiritur
1019 928 1104 959 recti
1137 938 1237 959 casus
1267 927 1541 965 substantiuum,
1575 937 1689 968 neque

143 982 246 1015 facile
260 985 323 1014 aut
336 981 453 1023 aptius
466 979 665 1011 inuenietur
678 982 740 1010 aut
754 979 849 1020 quod
863 989 883 1010 a
896 979 1022 1011 litteris
1036 979 1150 1010 minus
1164 978 1303 1010 recedat
1315 991 1323 1016 3
1347 988 1429 1010 nam
1443 988 1485 1010 ne
1499 982 1690 1020 quaeratur

144 1044 273 1067 nomen
297 1032 389 1065 unde
413 1030 578 1073 suspendi
601 1031 712 1072 possit
729 1030 818 1071 serre
841 1030 1047 1068 infinitiuus‚
1067 1030 1169 1072 quale
1192 1033 1283 1062 esset
1307 1030 1451 1070 impetus
1475 1030 1531 1062 uel
1553 1030 1690 1070 cupido,

145 1086 292 1119 obstant
308 1084 367 1116 illa
384 1094 438 1115 ore
454 1082 600 1123 bilinqui
690 1082 752 1113 575
771 1082 856 1113 ordo
870 1085 924 1113 est
941 1092 1108 1114 uenenum
1126 1082 1261 1121 linquae
1277 1091 1405 1122 semper
1421 1081 1522 1113 uerba
1539 1081 1690 1122 maliqna

145 1138 190 1170 ad
214 1146 323 1169 nouas
347 1145 446 1167 aures
471 1134 645 1171 mutantis,
672 1132 736 1165 hoc
763 1137 816 1165 est
842 1133 1093 1165 transferentis.
1143 1133 1257 1165 Plaut.
1285 1133 1413 1175 Amph.
1437 1134 1501 1165 273
1527 1143 1577 1174 sq.
1606 1143 1689 1164 nam

144 1199 249 1230 neque
272 1199 305 1220 se
332 1186 580 1227 Septentriones
604 1195 769 1226 quoquam
797 1186 835 1216 in
862 1185 951 1216 caelo
978 1188 1183 1216 commouent
1204 1183 1209 1228 Ι
1228 1194 1332 1225 neque
1358 1195 1392 1216 se
1419 1184 1502 1216 luna
1525 1194 1690 1225 quoquam

145 1243 252 1273 mutat
266 1243 363 1280 atque
378 1238 429 1269 uti
444 1240 555 1269 exorta
566 1240 612 1268 est
626 1236 736 1274 semel,
749 1236 848 1278 Verg.
866 1247 979 1278 georg.
998 1245 1027 1268 11
1041 1237 1148 1268 49-51
1167 1239 1277 1267 tamen
1293 1236 1370 1267 haec
1385 1246 1522 1277 quoque,
1538 1236 1569 1267 si
1584 1236 1660 1276 quis
1682 1234 1687 1278 Ι

145 1293 272 1324 inserat
294 1293 354 1322 aut
376 1288 544 1321 scrobibus
567 1288 701 1320 mandet
723 1291 852 1319 mutata
869 1287 919 1328 (id
942 1291 995 1319 est
1019 1287 1094 1319 loco
1119 1289 1231 1327 mota.)
1254 1287 1411 1325 subactis,
1434 1286 1439 1330 Ι
1459 1287 1609 1319 exuerint
1632 1286 1693 1318 sil-

144 1347 285 1376 uestrem
304 1342 470 1378 animum,
491 1339 593 1373 Ouid.
608 1340 699 1371 trist.
721 1348 744 1370 v
763 1340 783 1370 2
802 1341 844 1372 73
864 1339 942 1371 hinc
962 1349 1017 1380 eqo
1035 1339 1116 1371 dum
1134 1343 1250 1377 muter,
1271 1349 1314 1371 ex
1333 1339 1435 1370 Pont.
1457 1348 1470 1370 1
1492 1340 1506 1370 l
1529 1339 1571 1371 79
1590 1339 1691 1379 inque

144 1395 253 1427 locum
269 1393 423 1434 Scythico
439 1401 587 1423 uacuum
603 1390 754 1422 mutabor
770 1390 811 1422 ab
828 1400 920 1429 arcu,
935 1391 1026 1422 Fest.
1047 1401 1079 1433 p.
1100 1391 1165 1422 214
1184 1394 1404 1430 permutatur,
1419 1391 1455 1422 id
1469 1391 1606 1430 proprie
1622 1390 1691 1422 dici

143 1446 278 1479 uidetur
293 1444 381 1486 quod
406 1454 444 1475 ex
468 1443 536 1474 alio
562 1442 630 1473 loco
655 1442 694 1473 in
719 1442 827 1474 alium
851 1441 1071 1483 transfertur3
1098 1451 1186 1482 quos
1211 1441 1304 1473 locos
1330 1442 1469 1483 collegit
1494 1440 1696 1473 Gronouius,

145 1498 218 1530 obs.
245 1506 289 1528 111
313 1506 342 1527 c.
371 1497 399 1527 l.
447 1493 663 1535 mus(s)antis
688 1493 990 1535 Regiomontanus
1012 1496 1049 1525 et
1069 1492 1244 1524 editorum
1269 1493 1384 1530 series,
1411 1492 1506 1533 quod
1525 1492 1693 1525 Stoebero

144 1551 335 1592 praeeunte
350 1546 500 1578 Iacobus
514 1544 651 1587 expulit
742 1544 804 1576 576
816 1549 985 1583 populum
998 1548 1034 1580 G.
1048 1548 1167 1583 polum
1180 1548 1238 1576 ΒΜ
1329 1554 1387 1576 ore
1399 1548 1435 1581 G,
1449 1548 1532 1576 orbe
1544 1547 1602 1576 ΒΜ

188 1603 340 1638 bilingui
352 1602 410 1635 GL,
422 1600 551 1635 biligro
562 1601 595 1628 M
672 1605 812 1627 uersum
824 1595 954 1628 deleuit
966 1595 1117 1637 Scaliger
1127 1598 1167 1627 ut
1178 1595 1444 1636 ineptissimum.
1492 1605 1563 1626 non
1574 1595 1695 1636 inepte

145 1652 291 1685 crimina
307 1649 428 1692 populi
444 1659 505 1691 per
521 1647 691 1689 populum
707 1646 806 1684 ferre,
822 1646 887 1678 hoc
904 1650 957 1678 est
974 1657 1093 1678 omnes
1110 1646 1205 1688 apud
1216 1656 1336 1678 omnes
1353 1646 1546 1684 diffamare,
1563 1646 1693 1678 dicitur

145 1704 207 1746 qui
228 1703 349 1745 primis
371 1700 529 1733 Piscibus
550 1702 656 1731 natus
677 1701 743 1736 est,
766 1698 826 1730 sed
848 1698 933 1730 haec
954 1708 1034 1730 cum
1056 1698 1187 1739 reliquo
1210 1708 1368 1730 sermone
1390 1708 1460 1729 non
1482 1697 1691 1735 cohaerent;

145 1765 259 1796 neque
281 1754 375 1785 enim
398 1751 586 1784 antecessit
608 1750 700 1782 unde
723 1750 873 1792 pendere
896 1750 1007 1791 possit
1029 1749 1236 1787 infinitiuus‚
1254 1750 1308 1781 sin
1329 1750 1358 1780 is
1381 1759 1444 1790 pro
1467 1749 1692 1781 substantiuo

146 1809 211 1845 est,
228 1809 269 1838 ut
284 1804 370 1836 ordo
385 1804 432 1835 sit
446 1803 544 1835 datur
554 1801 654 1843 ferre,
670 1802 915 1833 coniunctione
927 1811 1014 1843 opus
1029 1802 1107 1838 erit,
1120 1801 1218 1832 uelut
1232 1801 1440 1841 criminaque
1455 1800 1500 1832 ad
1512 1800 1689 1840 populum.

146 1867 260 1899 neque
287 1856 587 1898 Regiomontanus
607 1852 697 1894 serre
721 1853 757 1884 in
777 1852 862 1893 feret
887 1855 1026 1884 mutato
1050 1852 1267 1894 probabilem
1302 1851 1456 1883 reddidit
1483 1852 1694 1889 orationem,

147 1910 283 1950 linquae
303 1916 471 1940 uenenum
490 1905 637 1937 crimina
651 1904 735 1946 seret
752 1914 806 1936 ore
826 1904 981 1945 bilingui.
1030 1914 1138 1945 quare
1156 1903 1364 1935 uersiculum
1386 1906 1468 1935 ante
1488 1903 1581 1935 hunc
1601 1904 1692 1935 exci-

147 1961 238 1994 disse
260 1969 394 1996 censeo,
416 1959 453 1990 in
474 1967 544 1999 quo
565 1956 671 1988 fuerit
692 1955 790 1987 uerbi
807 1965 913 1987 causa
935 1958 963 1987 et
984 1955 1135 1987 studium
1226 1955 1287 1987 577
1309 1964 1338 1986 11
1360 1956 1492 1987 637-40
1512 1954 1634 1996 quibus
1655 1956 1695 1986 in

148 2013 253 2044 lucem
277 2010 392 2043 Pisces
415 2007 628 2040 uenientibus
651 2007 786 2044 adsunt,
808 2005 813 2049 Ι
834 2006 887 2038 his
909 2016 978 2038 non
1001 2016 1072 2038 una
1089 2009 1200 2038 manet
1222 2015 1351 2046 semper
1373 2006 1538 2037 sententia
1560 2006 1662 2044 cordi,
1685 2005 1690 2049 Ι

147 2065 341 2096 conmutant
362 2061 496 2093 animos
518 2059 685 2091 interdum
707 2061 736 2089 et
752 2057 889 2099 foedera
909 2061 1073 2098 rumpunt
1093 2056 1098 2101 Ι
1118 2067 1156 2090 ac
1177 2061 1339 2097 repetunt,
1358 2060 1519 2098 tectaeque
1541 2057 1611 2089 lues
1632 2057 1694 2089 sub

142 2115 255 2157 fronte
275 2116 443 2154 uaqantur
534 2111 596 2143 578
617 2113 716 2142 iubet
738 2110 928 2147 Bentleius,
946 2113 1034 2142 libet
1054 2109 1134 2141 libri
1155 2112 1196 2141 ut
1217 2118 1241 2141 v
1263 2109 1283 2141 8
1304 2119 1384 2141 cum
1401 2108 1603 2141 soloecismo

192 2165 318 2198 medios
334 2165 383 2197 ire
396 2173 456 2204 per
471 2163 576 2203 iqnes,
592 2171 729 2194 summa
753 2160 906 2203 pericula
922 2161 1028 2199 obire,
1048 2163 1098 2193 διὰ
1119 2162 1221 2202 πυρὸσ
1244 2163 1334 2195 ἰέναι.
1351 2170 1458 2202 quam
1481 2160 1693 2192 locutionem

147 2218 302 2259 explicat
336 2214 535 2256 Xenophon
568 2223 638 2245 occ.
664 2213 704 2245 21
737 2214 756 2244 7
787 2215 840 2244 καὶ
869 2214 920 2244 διὰ
950 2214 1051 2253 πυρὸσ
1079 2214 1132 2244 καὶ
1161 2214 1212 2244 διὰ
1242 2213 1368 2244 παντὸσ
1395 2214 1561 2250 κινδύνου;
1585 2211 1695 2243 stulte

147 2322 196 2353 ire
213 2330 274 2360 per
292 2319 385 2360 iynes
406 2317 411 2361 Ι
431 2320 459 2349 et
476 2317 605 2357 yladios
623 2316 746 2347 ausim.
794 2315 887 2347 Man.
908 2323 931 2346 v
952 2316 1015 2347 112
1034 2325 1084 2356 sq.
1105 2315 1143 2346 in
1162 2315 1290 2346 uulnus
1307 2324 1492 2355 numquam
1510 2314 1621 2345 uirtus
1639 2314 1697 2345 sed

148 2381 247 2412 saepe
264 2370 367 2402 libido
387 2368 392 2413 Ι
409 2368 553 2408 inpellit,
571 2368 745 2408 turpisque
761 2367 882 2398 emitur
899 2366 953 2398 uel
968 2370 1069 2398 morte
1081 2366 1239 2406 uoluptas
1329 2366 1481 2397 579-582
1497 2365 1590 2407 Hyg.
1609 2368 1694 2396 astr.

147 2432 177 2456 11
199 2424 241 2456 30
265 2422 450 2462 Dioqnetus
475 2418 679 2460 Erythraeus
699 2419 748 2450 ait
768 2418 911 2459 quodam
932 2421 1074 2458 tempore
1098 2418 1254 2450 Venerem
1274 2426 1350 2448 cum
1372 2417 1543 2456 Cupidine
1558 2416 1635 2458 filio
1657 2417 1696 2448 in

148 2474 287 2515 Syriam
317 2472 361 2504 ad
385 2472 516 2514 flumen
550 2470 747 2510 Euphraten
777 2470 919 2501 uenisse.
968 2469 1078 2501 eodem
1108 2469 1176 2500 loco
1206 2471 1337 2508 repente
1370 2467 1561 2509 Typhona.
1581 2493 1588 2499 .
1608 2492 1615 2499 .
1634 2478 1694 2508 ap-

147 2525 316 2566 paruisse,
336 2523 493 2555 Venerem
511 2524 622 2553 autem
640 2531 716 2552 cum
728 2520 806 2561 filio
825 2521 863 2551 in
875 2520 1007 2562 flumen
1025 2530 1058 2551 se
1075 2519 1254 2559 proiecisse
1273 2522 1301 2550 et
1319 2518 1368 2551 ibi
1379 2518 1529 2560 fiquram
1545 2519 1697 2559 piscium

145 2577 260 2619 forma
280 2578 454 2611 mutasse;
488 2583 552 2614 quo
568 2572 670 2614 sacto,
692 2572 842 2612 periculo
865 2582 932 2603 esse
954 2571 1118 2603 liberatos.
1167 2571 1293 2602 similia
1315 2570 1450 2612 Ampel.
1475 2572 1495 2602 2
1520 2571 1571 2608 12,
1591 2569 1695 2602 Ouid.

149 2631 232 2660 met.
252 2636 275 2659 v
292 2626 428 2663 321-31,
446 2624 539 2656 Man.
559 2632 587 2655 11
604 2625 703 2660 31-3,
721 2623 865 2665 paulum
886 2622 1024 2654 diuersa
1041 2621 1142 2654 Ouid.
1156 2621 1236 2654 fast.
1256 2630 1285 2653 11
1301 2622 1445 2660 457-72‚
1462 2621 1555 2653 Man.
1575 2630 1613 2653 1v
1630 2621 1694 2653 800

150 2689 201 2720 sq.
294 2677 436 2709 Veneris
459 2675 597 2707 stellam
617 2676 653 2706 in
671 2674 827 2706 Piscibus
849 2676 1005 2715 ὑψοῦσθαι
1025 2674 1098 2705 siue
1120 2673 1268 2705 exaltari
1288 2672 1424 2715 fingunt
1442 2672 1695 2709 mathematici,

150 2729 211 2762 sed
232 2730 323 2761 circa
343 2731 480 2771 partem
500 2735 616 2764 XXVII,
639 2726 737 2758 uelut
758 2725 905 2758 Doroth.
930 2726 972 2757 84
993 2735 1044 2766 sq.
1068 2724 1232 2757 O.C.A.G.
1253 2733 1291 2756 VI
1311 2735 1345 2766 p.
1368 2725 1411 2756 95
1433 2723 1561 2765 (Heph.
1585 2722 1692 2754 Theb.

149 2790 164 2813 Ι
181 2781 201 2812 8
212 2791 245 2822 p.
259 2781 316 2820 72)
329 2782 400 2820 περὶ
413 2779 439 2811 δ’
454 2780 544 2810 ἐννέα
559 2779 706 2818 τρισσάκι
722 2779 850 2817 Κύπρισ
869 2775 873 2819 Ι
893 2777 1018 2816 Ἰχθύσι
1109 2776 1172 2807 579
1184 2778 1334 2808 nouauit
1347 2774 1539 2811 DulciniuS‚
1554 2777 1699 2806 notauit

147 2832 226 2864 libri
318 2830 380 2861 580
401 2832 641 2863 babiloniacas
663 2837 741 2860 sum
764 2837 881 2860 mersa
899 2831 944 2866 M,
963 2830 1141 2860 babilonia.
1162 2836 1281 2859 casum
1306 2835 1424 2859 mersa
1445 2829 1477 2864 L,
1497 2828 1699 2858 babiloniae
