1872 3183
556 150 1043 194 ASTRONOMICON
1076 152 1142 194 IV
1568 158 1620 195 15

249 275 324 303 nec
344 264 490 302 tamen
509 260 611 303 haec
631 262 740 304 ratio
759 263 921 305 facinus
941 263 1164 305 defendere
1183 264 1319 319 pergit

249 335 507 377 uirtutemue
527 336 612 377 suis
631 336 826 378 fraudare
845 337 890 378 in
908 337 1096 393 praemia
1115 337 1249 380 donis.

125 416 192 448 110
248 423 348 450 nam
367 423 503 463 neque
522 410 758 452 mortiferas
778 411 1003 466 quisquam
1023 412 1162 453 minus
1182 412 1319 454 oderit
1339 411 1489 454 herbas

249 482 364 538 quod
382 497 468 524 non
487 484 661 525 arbitrio
681 485 858 526 ueniunt
878 485 952 526 sed
970 486 1127 527 semine
1147 491 1275 535 certo,

247 557 383 612 gratia
402 571 477 599 nec
497 557 627 599 leuior
647 559 857 600 tribuetur
877 559 1068 601 dulcibus
1089 560 1191 602 escis

248 631 363 685 quod
381 636 535 673 natura
555 632 673 674 dedit
692 633 843 688 fruges,
864 647 949 675 non
969 634 1053 675 ulla
1073 634 1284 676 uoluntas,

247 705 304 746 sic
324 704 543 747 hominum
563 706 721 748 meritis
741 712 864 749 tanto
883 707 939 749 sit
957 707 1087 763 gloria
1106 710 1239 751 maior

126 785 194 816 115
250 780 365 834 quod
384 779 499 821 caelo
519 779 687 822 laudem
707 781 876 832 debent,
897 797 1123 837 rursusque
1142 783 1332 825 nocentis

86 959 129 991 32
142 960 164 990 4
178 959 276 991 cuius
289 959 338 991 rei
353 959 430 991 ordo
446 962 501 997 est,
518 959 617 991 etiam
636 960 818 1000 praedictio
836 963 880 992 est
963 960 1110 991 108-118
1126 960 1201 992 fato
1217 971 1287 993 non
1308 961 1442 993 tollitur
1457 965 1518 993 aut
1534 962 1623 993 male

82 1010 256 1042 factorum
284 1010 501 1052 reprehensio
530 1013 592 1042 aut
619 1011 694 1042 laus
722 1012 874 1049 uirtutis,
903 1011 938 1043 id
966 1011 1060 1053 quod
1089 1012 1160 1043 fieri
1187 1013 1447 1044 contendebant
1476 1013 1621 1045 aliarum

82 1062 286 1103 opinionum
306 1062 634 1104 disciplinarumque
655 1066 822 1094 auctores.
870 1063 937 1095 Cic.
960 1063 1002 1095 de
1022 1063 1097 1095 fato
1118 1065 1160 1096 40
1180 1065 1211 1095 si
1230 1065 1345 1096 omnia
1359 1064 1432 1105 fato
1447 1065 1539 1105 fiunt
1556 1089 1563 1096 .
1584 1089 1590 1095 .
1612 1090 1619 1095 .

84 1113 220 1153 efficitur
234 1116 270 1144 ut
285 1123 341 1144 nec
358 1113 568 1145 laudationes
582 1114 689 1145 iustae
705 1115 772 1145 sint
787 1124 843 1146 nec
859 1115 1122 1155 uituperationes
1138 1125 1193 1147 nec
1209 1115 1344 1147 honores
1362 1125 1418 1147 nec
1434 1116 1618 1156 supplicia,

82 1163 167 1196 Geli.
181 1173 234 1196 VII
245 1166 264 1195 2
276 1165 341 1196 4—ss
352 1165 383 1196 si
394 1164 617 1206 Chrysippus,
628 1166 798 1206 inquiunt,
806 1165 880 1206 fato
890 1169 987 1206 putat
1001 1167 1116 1197 omnia
1128 1167 1255 1198 moueri
1268 1170 1296 1198 et
1309 1167 1376 1207 reyi
1393 1177 1448 1198 nec
1461 1167 1623 1199 declinari

81 1216 333 1257 transcendique
351 1226 449 1256 posse
470 1216 608 1256 aymina
622 1216 691 1258 fati
713 1220 741 1248 et
762 1216 948 1255 uolumina,
965 1220 1099 1258 peccata
1119 1228 1245 1259 quoque
1263 1218 1436 1250 hominum
1455 1222 1482 1249 et
1505 1218 1623 1250 delicta

82 1277 151 1299 non
167 1268 389 1300 suscensenda
405 1278 507 1309 neque
523 1268 712 1300 inducenda
728 1272 806 1300 sunt
822 1269 910 1309 ipsis
926 1269 1218 1310 uoluntatibusque
1234 1280 1346 1302 eorum
1363 1270 1419 1302 sed
1437 1271 1622 1302 necessitati

82 1318 217 1350 cuidam
232 1322 260 1350 et
274 1318 466 1356 instantiae,
481 1329 564 1359 quae
578 1319 684 1350 oritur
699 1330 735 1351 ex
744 1319 829 1360 fato,
844 1320 996 1352 omnium
1009 1331 1093 1361 quae
1107 1321 1150 1352 sit
1165 1331 1275 1352 rerum
1289 1321 1426 1353 domina
1442 1324 1469 1353 et
1484 1321 1620 1359 arbitra,

79 1379 141 1409 per
159 1379 260 1410 qaam
281 1379 409 1401 necesse
429 1371 472 1401 sit
486 1371 566 1411 fieri
586 1370 748 1411 quidquid
762 1370 920 1412 futurum
942 1375 986 1403 est
1001 1382 1013 1407 ‚·
1047 1375 1074 1403 ct
1094 1375 1268 1413 propterea
1287 1373 1476 1404 nocentium
1494 1383 1622 1413 poenas

81 1420 206 1460 Zeqibus
231 1421 346 1462 inique
370 1422 575 1459 constitutas,
602 1422 633 1453 si
658 1422 807 1453 homines
831 1422 875 1454 ad
900 1423 1064 1463 maleficia
1088 1433 1156 1455 non
1181 1427 1296 1463 sponte
1321 1424 1463 1456 ueniunt
1480 1425 1536 1456 sed
1547 1424 1621 1465 fato

80 1471 266 1503 trahuntur.
315 1475 427 1503 contra
442 1482 480 1503 ea
495 1472 707 1513 Chrysippus
721 1473 861 1505 tenuiter
874 1474 982 1505 multa
995 1477 1024 1505 et
1038 1477 1150 1514 aryute
1164 1475 1307 1513 disserit,
1323 1485 1412 1516 quae
1426 1485 1506 1507 cum
1520 1475 1621 1517 longe

80 1533 100 1554 a
129 1523 325 1555 Manih'anis
354 1523 491 1555 diuersa
519 1525 590 1556 sint
618 1525 781 1556 omittam
872 1525 932 1555 108
962 1528 1080 1564 pergit
1109 1526 1185 1564 GL2,
1214 1530 1315 1565 pergi
1343 1530 1401 1558 ΒΜ
1493 1527 1553 1558 109
1583 1528 1622 1558 in

78 1574 232 1615 praemia
256 1574 364 1612 doni&
389 1576 535 1616 praemii
559 1586 665 1607 causa
696 1575 799 1613 datis,
824 1585 846 1607 V
875 1577 938 1608 152
963 1577 1002 1608 in
1033 1587 1134 1609 usum
1166 1578 1312 1618 teymina
1338 1578 1468 1618 plantis
1561 1577 1622 1608 110

77 1629 195 1657 minus
224 1625 324 1658 codd.
358 1626 455 1658 Bodl.
488 1629 524 1658 et
553 1627 701 1664 Monac„
730 1630 845 1666 magis
876 1631 959 1659 GLM
989 1628 1064 1660 cod.
1099 1629 1263 1666 Venetus,
1296 1620 1393 1661 cuius
1424 1630 1547 1661 erroris
1577 1629 1622 1661 ad

78 1685 109 1707 11
134 1677 195 1708 621
222 1677 357 1708 collatis
381 1677 549 1719 exemplis
574 1677 717 1709 accedat
745 1678 845 1710 Ouid.
877 1689 920 1710 ex
952 1679 1053 1711 Pont.
1087 1689 1129 1711 111
1161 1681 1181 1711 9
1212 1681 1265 1712 23.
1314 1680 1465 1712 alienum
1497 1683 1550 1712 est
1582 1691 1622 1712 ac

78 1727 196 1769 potius
222 1728 382 1769 ineptum
409 1728 504 1769 quod
532 1729 708 1760 Bentleius
737 1729 975 1771 praecedente,
1005 1731 1033 1761 si
1060 1731 1191 1768 scisset,
1219 1730 1294 1762 cod.
1325 1732 1422 1763 Voss.
1455 1732 1494 1763 18
1522 1731 1620 1763 dedit

79 1779 187 1820 maqis
199 1779 298 1811 ederit
313 1791 321 1817 ;
348 1780 408 1821 qui
420 1780 515 1821 quod
526 1781 700 1812 neminem
713 1780 900 1813 brassicam
913 1781 1024 1813 odisse
1037 1781 1133 1820 dicit,
1147 1793 1224 1814 eam
1236 1793 1279 1814 ne
1292 1783 1465 1825 magistris
1478 1783 1619 1824 quidem

78 1830 294 1862 mortiferam
327 1841 400 1862 esse
433 1832 628 1873 accepimus
661 1832 726 1863 nisi
760 1833 955 1874 repetitam.
1003 1833 1111 1873 nzaqis
1143 1834 1246 1866 oderit
1279 1834 1473 1876 probarunt
1506 1844 1618 1875 neque

79 1882 367 1924 interpretatione
383 1893 479 1924 egere
492 1883 652 1915 arbitrati
666 1886 749 1915 sunt
761 1883 945 1916 Stoeberus
960 1884 1110 1917 Iacobus
1122 1885 1296 1917 Breiterus
1382 1885 1443 1916 112
1460 1888 1620 1918 dulcibus

78 1932 178 1964 codd.
201 1933 290 1964 Flor.
312 1936 348 1965 et
369 1933 467 1966 Bodl.
488 1937 524 1966 et
546 1935 583 1965 in
602 1938 627 1966 G
651 1945 742 1966 man.
770 1945 848 1972 rec„
869 1938 1003 1967 dulcior
1023 1939 1106 1968 GLM
1199 1936 1259 1967 113
1279 1940 1354 1968 ulla
1373 1940 1410 1974 G,
1430 1940 1529 1969 nulla
1548 1941 1620 1975 ΕΜ,

78 1994 219 2026 prorsus
244 1983 392 2016 absurde
418 1985 596 2017 Bentleius
623 1989 745 2024 nostra,
771 1997 851 2018 cum
877 1987 1088 2028 significetur
1112 1987 1251 2030 frugum
1276 1989 1430 2029 ipsarum
1456 1988 1619 2021 uoluntas

168 2035 230 2065 114
243 2038 381 2067 meritis
397 2039 422 2068 G
438 2039 474 2068 et
489 2037 554 2068 nisi
570 2036 671 2068 fallor
685 2037 733 2075 1.²‚
750 2041 878 2070 mentis
893 2042 927 2075 L,
945 2041 1044 2070 eritis
1060 2042 1106 2076 M,
1122 2040 1225 2071 menti
1240 2039 1339 2071 codd.
1358 2039 1447 2071 Flor.
1466 2043 1501 2071 et
1518 2040 1617 2072 Bodl.

166 2088 214 2118 sit
234 2089 281 2124 M,
303 2090 343 2118 fit
364 2090 436 2119 GL:
472 2087 557 2119 illud
579 2088 803 2120 commendat
824 2089 991 2121 oderimus
1013 2100 1045 2122 u.
1072 2091 1134 2122 116
1224 2101 1287 2132 pro
1308 2090 1415 2130 qloria
1437 2091 1615 2123 Bentleius

77 2137 197 2178 qratia,
223 2137 389 2169 facillima
414 2140 609 2170 mutatione
635 2150 793 2180 quaeque
818 2150 928 2181 paene
954 2141 1135 2182 probanda
1160 2141 1332 2179 uideatur,
1359 2144 1400 2173 ut
1424 2141 1490 2173 illis
1516 2142 1619 2174 oderit

81 2189 144 2221 110
167 2191 204 2221 et
226 2190 335 2229 qratia
361 2190 422 2221 112
447 2190 679 2231 respondeant
703 2191 787 2223 haec
811 2192 920 2231 qratia
946 2193 1008 2224 114
1031 2195 1067 2224 et
1090 2192 1258 2224 oderimus
1283 2193 1369 2225 116:
1407 2192 1486 2224 uide
1510 2193 1617 2225 etiam

77 2240 180 2273 Mart.
197 2250 253 2273 XII
268 2242 310 2273 62
329 2243 368 2274 13
385 2245 482 2282 utque
498 2241 541 2272 sit
557 2241 610 2272 his
631 2242 777 2282 pretium
792 2242 942 2274 meritis
966 2246 994 2273 et
1015 2243 1142 2283 qratia
1165 2243 1297 2275 maior.
1344 2243 1484 2276 cohibet
1500 2247 1620 2277 tamen

78 2301 256 2324 assensum
273 2292 444 2325 Ciceronis
460 2293 555 2324 locus
570 2302 675 2334 quem
691 2293 813 2324 statim
829 2293 1047 2325 subiecturus
1063 2304 1140 2325 sum
1232 2294 1291 2325 115
1309 2298 1401 2333 quod
1417 2298 1487 2332 ΒΜ,
1504 2305 1573 2332 quo
1589 2299 1615 2327 G

163 2347 305 2376 laudem
329 2347 457 2376 debent
470 2345 499 2380 ²¹³,
519 2347 696 2382 gaudente
718 2345 819 2376 uenit
843 2344 931 2376 libri.
990 2355 1033 2376 ex
1056 2344 1307 2377 laudesmdeuent
1330 2345 1465 2378 factum
1487 2347 1620 2378 conicio

78 2393 230 2426 laudente
240 2394 334 2426 uenit
345 2395 456 2436 (cuius
468 2395 504 2426 in
516 2405 549 2426 m
560 2397 596 2427 et
608 2405 631 2426 n
642 2395 767 2427 litteris
778 2396 901 2427 erroris
912 2395 1039 2427 similes
1051 2399 1133 2428 sunt
1145 2396 1220 2427 Liu.
1232 2405 1328 2428 ΧΧΠΙ
1339 2397 1381 2429 35
1396 2397 1436 2429 16
1447 2398 1618 2438 operanda

77 2455 112 2477 re
127 2455 190 2486 pro
206 2456 341 2487 operam
356 2447 434 2479 dare
449 2449 486 2479 et
500 2455 576 2478 xxv
592 2447 612 2478 9
629 2447 649 2478 9
663 2449 816 2487 portante
832 2447 994 2479 menitida
1009 2457 1072 2489 pro
1086 2451 1218 2488 portam
1237 2448 1472 2488 Temenitida),
1490 2448 1615 2481 deinde

77 2497 247 2536 qaudente,
266 2497 561 2537 quemadmodum
579 2498 670 2529 Man.
691 2507 729 2529 IV
746 2499 810 2530 447
835 2501 995 2540 corrupte
1012 2502 1070 2530 ΕΜ
1089 2498 1210 2537 laudet,
1228 2500 1424 2541 corruptius
1441 2503 1467 2532 G
1484 2500 1614 2540 qaudet.

77 2547 210 2579 taudem
221 2551 262 2580 ut
274 2557 312 2579 Ν
324 2549 389 2580 418
401 2549 496 2581 laudi
507 2549 610 2581 noxia
626 2549 742 2581 iuncta
765 2552 831 2587 est3
870 2549 983 2581 debent
1001 2553 1042 2581 ut
1058 2559 1087 2581 11
1102 2551 1168 2581 224
1189 2550 1348 2591 Neptuno
1369 2550 1479 2583 debere
1500 2561 1614 2592 qenus.

77 2599 195 2631 Cicero
210 2598 280 2631 n.d.
299 2608 342 2631 111
357 2600 399 2631 86
414 2610 465 2641 sq.
483 2600 640 2632 uirtutem
655 2604 765 2632 autem
779 2611 874 2632 nemo
889 2611 1049 2642 umquam
1063 2604 1230 2643 acceptam
1245 2602 1303 2634 deo
1318 2602 1451 2634 rettulit.
1513 2603 1616 2635 nimi-

76 2660 153 2681 rum
166 2653 247 2682 recte
261 2660 273 2687 ‚·
308 2653 443 2692 propter
455 2652 612 2683 uirtutem
626 2652 716 2684 enim
728 2651 802 2684 iure
819 2651 1024 2684 lauda-mur
1042 2655 1070 2684 et
1090 2653 1128 2684 in
1142 2653 1264 2685 uirtute
1283 2656 1364 2685 recte
1380 2653 1590 2694 gloriamur
1605 2664 1617 2690 ,·

77 2701 164 2741 quod
178 2711 247 2733 non
261 2701 468 2742 contingeret,
485 2702 516 2734 si
532 2702 568 2734 id
583 2702 708 2734 donum
723 2712 746 2734 a
760 2703 829 2741 deo,
845 2713 914 2735 non
929 2713 951 2734 a
965 2702 1061 2735 nobis
1077 2703 1269 2735 haberemus
1369 2704 1530 2744 gaudente
1544 2705 1615 2737 iam

79 2751 250 2794 Scaligero
264 2755 465 2794 suspectum
479 2752 558 2791 fuit,
573 2763 644 2785 non
657 2753 750 2785 enim
765 2754 793 2785 si
807 2754 981 2795 gaudente
996 2753 1056 2786 sed
1071 2755 1100 2786 si
1114 2757 1258 2797 cogente
1273 2754 1337 2787 deo
1352 2754 1508 2788 homines
1523 2759 1618 2788 recte

77 2803 234 2835 facerent
264 2803 403 2836 laudem
434 2804 482 2836 eis
513 2807 550 2836 et
581 2805 735 2847 praemia
766 2804 952 2837 tribuenda
982 2805 1157 2847 negabant
1183 2805 1378 2839 Stoicorum
1404 2806 1592 2839 aduersarii
1607 2820 1617 2846 ;

77 2864 185 2896 quam
214 2855 392 2887 notionem
420 2865 492 2887 non
519 2856 684 2898 exprimit
713 2855 807 2898 quod
837 2856 1036 2899 Postgatius
1066 2856 1140 2889 silu.
1172 2857 1264 2890 Man.
1296 2868 1330 2900 p.
1361 2858 1403 2891 35
1432 2858 1617 2891 substituit
