1872 3183
150 136 205 174 40
743 133 804 175 M.
838 133 1090 176 MANILII

311 241 369 283 sic
390 241 500 283 inter
520 241 650 283 denas
670 242 854 284 diuisum
874 242 1027 284 dicitur
1047 248 1209 285 astrum

185 322 254 355 315
309 320 460 371 totque
480 315 602 358 dabit
620 316 730 358 uires
750 316 942 358 dominos
962 322 1250 373 quotcumque
1270 319 1440 374 recepit.

310 390 477 432 diuersa
497 391 541 433 in
560 391 699 432 Tauro
718 391 827 433 ratio
847 396 924 442 est,
945 405 1021 434 nec
1041 397 1162 447 parte
1181 393 1260 434 sub
1281 393 1365 434 ulla

310 469 504 525 censetur
523 480 532 507 ε
567 466 728 507 Cancro
747 465 929 521 primam
949 466 1216 522 mediamque
1236 468 1379 517 Leoni,

309 544 545 581 extremam
564 540 772 595 Erigonae
792 540 956 582 tribuit.
1014 546 1168 583 natura
1187 557 1260 597 per
1280 548 1442 584 astrum

309 618 398 655 stat
417 618 563 655 tamen
582 618 626 656 et
644 614 835 670 proprias
856 615 1005 657 miscet
1023 630 1096 670 per
1116 616 1278 671 singula
1299 617 1420 658 uires.

182 694 250 727 320
307 688 433 729 Libra
454 688 598 730 decem
618 694 761 744 partes
782 689 1057 731 Geminorum
1076 690 1212 745 prima
1230 691 1425 746 capessit,

307 762 503 818 Scorpius
523 763 746 805 adiunctas
765 778 774 813 ;
810 764 1010 805 Centauri
1029 765 1156 806 tertia
1175 780 1273 820 pars
1293 770 1370 815 est,

306 850 382 879 nec
403 837 632 892 quicquam
652 851 827 880 numero
847 838 1111 889 discernitur,
1134 839 1278 881 ordine
1297 840 1422 882 cedit.

138 951 208 983 qua
226 942 269 974 de
289 943 559 984 transpositione
578 943 712 975 dictum
731 947 784 975 est
802 943 847 975 ad
866 953 909 976 111
927 945 992 977 399
1084 945 1147 975 314
1165 949 1273 977 denas
1291 949 1335 983 Μ,
1355 950 1482 978 densas
1501 949 1559 984 GL,
1579 946 1686 978 trinos

138 994 328 1032 Bentleius,
350 995 580 1026 masculinum
601 1005 708 1036 genus
729 1006 770 1027 eo
790 996 885 1037 quod
906 997 1064 1037 sequitur
1084 996 1236 1028 dominos
1256 998 1345 1029 tueri
1366 1000 1522 1029 conatus.
1572 1008 1684 1039 pra-ua

136 1047 311 1077 sententia
335 1046 635 1088 Regiomontanus
658 1049 694 1078 et
717 1047 867 1088 Scaliger
890 1048 928 1079 in
950 1051 998 1078 ter
1019 1048 1133 1085 denas,
1158 1058 1270 1089 neque
1292 1049 1384 1080 enim
1408 1050 1444 1080 in
1464 1058 1541 1080 xxx
1563 1049 1624 1080 sed
1647 1050 1683 1080 in

136 1106 181 1129 111
196 1101 314 1139 partes
329 1098 377 1129 sic
393 1101 527 1130 astrum
543 1098 695 1130 diuisum
711 1102 764 1130 est
780 1110 788 1136 ;
818 1100 870 1130 sin
886 1102 1016 1137 autem,
1030 1099 1125 1141 quod
1141 1099 1187 1131 ab
1203 1100 1364 1132 omnibus
1379 1100 1514 1132 factum
1530 1100 1682 1138 uidetur,

135 1158 178 1180 ex
200 1149 282 1181 Vrb.
307 1150 370 1181 667
393 1153 429 1181 et
451 1149 526 1181 aliis
547 1149 647 1181 codd.
672 1160 757 1182 rece.
782 1150 997 1182 adsciscatur
1018 1151 1162 1188 ducitur,
1181 1151 1235 1182 hic
1258 1161 1377 1183 sensus
1398 1153 1464 1183 erit
1485 1162 1548 1184 nec
1571 1152 1683 1184 bonus

133 1209 196 1231 nec
221 1201 446 1242 perspicuus:
484 1201 532 1232 sic
556 1204 695 1238 astru-m,
721 1201 815 1243 quod
840 1203 883 1242 (si
907 1212 979 1234 rem
1005 1201 1108 1234 modo
1133 1213 1192 1234 uu.
1220 1203 1285 1234 299
1309 1213 1359 1244 sq.
1386 1206 1422 1234 et
1446 1204 1575 1236 totiens
1600 1207 1683 1236 ante

135 1251 305 1283 traditam
325 1252 439 1284 denuo
460 1252 636 1284 docendus
656 1254 706 1292 es)
727 1254 765 1284 in
785 1256 832 1284 ter
850 1254 953 1285 denas
973 1255 1120 1294 (partes)
1141 1254 1293 1286 diuisum
1312 1258 1376 1291 est,
1398 1256 1519 1295 (sorte)
1536 1255 1678 1287 ducitur.

133 1303 296 1344 equidem
324 1303 430 1335 fuisse
459 1305 614 1345 suspicor
642 1305 753 1336 sidera
780 1305 828 1336 sic
858 1305 954 1342 inter,
984 1305 1108 1336 deinde
1138 1305 1289 1338 abscisso
1318 1307 1472 1347 margine
1501 1316 1544 1338 ex
1572 1307 1685 1338 sidem

131 1354 268 1386 factum
293 1365 366 1386 esse
392 1355 490 1392 dena,
517 1358 558 1387 ut
583 1365 626 1387 111
652 1356 728 1393 509,
756 1356 813 1387 uel
839 1357 1000 1397 proxima
1025 1356 1294 1389 adhaerescente
1320 1357 1438 1389 littera
1464 1357 1578 1396 denas,
1605 1360 1682 1390 tum

133 1407 170 1438 in
200 1407 372 1438 usitatum
403 1406 560 1438 ordinem
591 1407 699 1438 uerba
729 1411 893 1439 reuocata
984 1408 1133 1440 diuisum
1168 1408 1301 1446 (licitur,
1333 1408 1485 1440 diuisum
1515 1412 1580 1447 est,
1611 1419 1684 1441 non

132 1460 173 1489 ut
191 1458 355 1489 iniciatur
373 1457 549 1489 dubitatio
567 1470 573 1489 :
599 1459 646 1489 sic
665 1459 730 1490 483
751 1459 946 1490 metuendus
964 1459 1108 1491 dicitur
1126 1469 1192 1497 aer,
1212 1460 1314 1500 Prop.
1334 1469 1347 1491 1
1373 1461 1392 1489 9
1413 1461 1432 1491 7
1450 1471 1501 1501 sq.
1522 1470 1573 1491 me
1589 1459 1682 1492 dolor

134 1512 162 1540 et
190 1509 348 1541 lacrimae
376 1510 491 1541 merito
513 1509 620 1550 fecere
646 1511 819 1549 peritavM
840 1509 844 1553 Ι
863 1514 960 1550 atque
989 1511 1121 1543 utinam
1152 1512 1262 1551 posito
1295 1511 1403 1543 dicar
1437 1522 1547 1543 amore
1576 1512 1685 1548 rudis,

134 1560 236 1592 Ouid.
259 1560 340 1592 fast.
366 1569 403 1592 vl
432 1562 474 1593 33
507 1561 613 1593 dicor
643 1565 797 1593 matrona
824 1561 1001 1600 Tonantis,
1028 1565 1110 1593 met.
1135 1571 1163 1593 11
1184 1563 1248 1594 563
1271 1566 1307 1593 ut
1328 1563 1436 1594 dicar
1460 1562 1561 1594 tutela
1581 1563 1684 1602 pul-sa

134 1611 326 1649 Mineruae,
352 1612 428 1644 Tib.
456 1621 494 1643 1V
519 1613 538 1644 7
565 1613 585 1643 5
610 1622 660 1653 sq.
688 1623 762 1643 mea
785 1613 911 1653 qaudia
942 1617 1053 1644 narret
1074 1612 1079 1656 Ι
1099 1613 1246 1645 dicctar
1271 1614 1302 1644 si
1326 1614 1402 1654 quis
1434 1623 1503 1645 non
1528 1613 1684 1645 habuisse

133 1673 207 1701 sua,
232 1663 317 1695 Hor.
342 1674 446 1695 carm.
471 1672 515 1695 111
541 1665 580 1695 16
603 1665 646 1695 26
669 1674 718 1705 sq.
744 1664 776 1695 si
797 1664 961 1705 quidquid
982 1668 1056 1696 arat
1079 1665 1211 1705 inpiqer
1232 1664 1370 1704 Apulus
1391 1663 1396 1708 Ι
1416 1665 1577 1697 occultare
1599 1666 1682 1697 meis

132 1715 278 1747 dicerer
302 1715 437 1752 horreis,
463 1715 557 1756 Calp.
586 1715 662 1747 buc.
682 1724 720 1746 1v
746 1717 808 1747 153
833 1726 883 1757 sq.
903 1716 935 1747 si
958 1716 1091 1756 quando
1115 1715 1282 1748 montibus
1306 1716 1381 1748 istis
1403 1715 1408 1759 Ι
1434 1717 1543 1748 dicar
1567 1717 1683 1748 habere

132 1765 248 1804 larem,
272 1766 371 1798 Lucr.
392 1776 405 1798 1
428 1767 493 1798 580
526 1766 703 1798 clueant.
723 1790 730 1798 .
750 1791 757 1798 .
777 1770 946 1807 temptata,
970 1776 999 1798 11
1022 1768 1131 1799 843-5
1155 1771 1275 1799 secreta
1297 1768 1420 1807 teporis
1442 1766 1446 1811 Ι
1466 1771 1556 1799 sunt
1572 1793 1579 1799 .
1599 1793 1606 1799 .
1627 1793 1633 1799 .
1654 1772 1684 1800 et

135 1827 214 1849 suco
238 1818 356 1849 ieiuna
375 1817 569 1858 feruntur,
596 1818 696 1850 Ouid.
724 1817 794 1850 her.
822 1827 860 1850 VI
887 1819 949 1850 114
973 1822 1054 1850 nata
1087 1818 1236 1850 Thoante
1253 1818 1369 1860 feror,
1395 1819 1471 1851 Sen.
1500 1819 1589 1852 H.O.
1617 1821 1681 1852 203

132 1879 209 1901 cum
238 1869 330 1901 silua
356 1870 473 1901 domus
503 1872 616 1901 nostra
640 1869 798 1911 feretur,
831 1870 923 1901 Man.
953 1879 991 1901 Ν
1022 1871 1087 1902 352
1119 1880 1168 1911 sq.
1204 1871 1382 1902 coniuncta
1412 1870 1536 1902 Leonis
1557 1870 1562 1914 Ι
1581 1881 1683 1912 reqna

126 1920 263 1962 ferunt
280 1945 287 1952 .
307 1945 314 1952 .
334 1945 341 1952 .
362 1931 429 1952 csse
454 1924 592 1962 praeter
616 1931 658 1952 ea
683 1931 773 1962 quae
800 1921 845 1952 ad
871 1930 899 1952 11
928 1922 990 1952 188
1016 1921 1142 1959 attuli;
1169 1921 1396 1963 similiterque
1422 1921 1556 1960 Graeci,
1585 1922 1684 1954 uelut

133 1972 239 2014 Soph.
271 1972 394 2004 Trach.
425 1973 488 2004 148
513 1983 563 2013 sq.
591 1975 654 2004 ἕωσ
679 1985 732 2004 ‘reo'
759 1975 829 2004 ἀντὶ
855 1975 1013 2014 παρθένου
1038 1975 1119 2013 ’γυνὴ
1140 1972 1144 2016 Ι
1162 1973 1278 2014 κληθῇ,
1313 1973 1399 2005 Phil.
1428 1975 1493 2006 430
1526 1976 1683 2006 αὐδᾶσθαι

134 2026 243 2065 νεκρόν
333 2024 396 2055 316
431 2028 506 2056 ulla
540 2024 668 2066 Fayus,
705 2027 768 2056 illa
801 2024 890 2061 libri,
925 2024 1020 2065 quod
1054 2024 1241 2057 Stoeberus
1274 2025 1526 2067 interpretatur
1556 2026 1684 2066 prima.

134 2076 234 2117 quasi
260 2075 414 2107 secunda
439 2077 549 2118 magis
575 2080 637 2107 aut
664 2076 769 2107 tertia
795 2076 860 2108 sub
886 2080 985 2117 parte
1012 2076 1147 2108 Taurus
1172 2080 1355 2108 censeatur
1446 2077 1507 2109 317
1533 2081 1683 2109 censetur

134 2131 319 2169 tamquam
343 2127 476 2169 praedii
500 2127 671 2160 dominus.
721 2129 786 2160 325
811 2129 968 2168 tempom's
992 2128 1143 2166 articulo,
1168 2128 1229 2160 sab
1253 2138 1316 2169 quo
1340 2132 1489 2160 censetur
1513 2132 1541 2160 et
1565 2130 1638 2170 ipse

224 2180 286 2210 318
312 2182 478 2218 erigonae
503 2179 696 2217 Dulcinius,
723 2183 863 2218 trigone
890 2183 926 2216 G,
950 2183 1128 2218 erigonem
1153 2184 1187 2218 L,
1214 2183 1382 2218 erigoneu
1407 2183 1441 2211 M
1531 2181 1593 2211 318
1621 2180 1684 2211 319

131 2231 353 2273 interpunxit
387 2231 565 2262 Bentleius
655 2234 779 2262 natura
810 2231 915 2262 Tauri
948 2232 1056 2272 ipsius
1146 2231 1207 2263 321
1241 2235 1427 2264 adiunctas
1460 2231 1589 2273 Fayus,
1622 2236 1683 2264 ad-

134 2285 258 2315 iuncta
275 2282 364 2320 libri,
383 2283 578 2315 adiunctam
596 2282 755 2324 Scaliger.
804 2283 982 2314 adiunctas
999 2283 1119 2315 decem
1209 2293 1293 2321 pars
1310 2287 1365 2315 est
1382 2283 1543 2324 Scaliger,
1561 2288 1683 2322 partes

134 2338 231 2371 ΘΒΜ,
252 2338 355 2373 parte
374 2334 423 2372 L2,
444 2344 515 2365 sors
536 2337 582 2365 est
602 2334 791 2369 Bentleius,
813 2335 873 2375 qui
895 2334 1077 2365 duodecim
1102 2337 1282 2376 praeterea
1302 2334 1405 2366 huius
1425 2333 1491 2365 loci
1511 2334 1681 2372 uersibus,

135 2387 211 2423 295,
236 2386 312 2423 312,
337 2386 413 2423 313.
437 2386 513 2423 316,
538 2386 614 2423 328,
639 2386 715 2423 332,
739 2386 815 2424 335,
840 2386 916 2423 336,
941 2386 1016 2423 343,
1041 2387 1116 2423 344,
1141 2386 1218 2423 370,
1242 2386 1318 2422 378,
1342 2396 1404 2426 pro
1425 2389 1521 2425 parte
1544 2387 1682 2427 scripsit

135 2441 265 2474 sortem,
283 2437 418 2468 ratione
446 2437 653 2468 mutationis
679 2438 731 2468 ita
748 2437 886 2468 reddita
912 2436 957 2468 ad
984 2438 1072 2469 328:
1114 2437 1301 2468 ‘nimirum
1317 2447 1399 2476 pars
1425 2440 1479 2468 est
1506 2437 1682 2469 tricesima

131 2498 212 2530 pars
226 2489 314 2530 signi
329 2500 337 2526 ;
371 2491 409 2519 at
427 2498 499 2519 sors
518 2489 553 2519 in
568 2488 730 2519 omnibus
748 2488 831 2519 locis
850 2491 903 2520 est
922 2489 1027 2520 tertia
1040 2498 1120 2529 pars
1139 2488 1237 2529 signi,
1252 2488 1324 2519 siue
1344 2491 1461 2529 partes
1475 2498 1517 2519 ex
1536 2489 1683 2530 triginta

134 2539 254 2571 decem
268 2539 288 2571 ’.
338 2542 376 2571 at
392 2540 456 2572 372
471 2549 532 2578 per
547 2540 650 2571 denas
665 2542 766 2571 sortes
782 2550 852 2571 non
868 2540 1033 2576 mutauit,
1051 2539 1111 2570 ubi
1127 2549 1198 2570 sors
1213 2540 1388 2570 tricesima
1404 2540 1492 2580 signi
1507 2549 1587 2582 pars
1603 2543 1657 2571 est
1672 2552 1681 2576 ;

134 2592 199 2623 362
217 2592 316 2622 sortis
332 2600 414 2630 pars
433 2590 553 2621 ultima
570 2600 641 2622 non
659 2592 777 2632 potuit
795 2594 943 2627 mutare,
962 2590 1022 2622 ubi
1038 2600 1121 2629 pars
1139 2591 1245 2621 teitia
1262 2591 1350 2631 signi
1368 2601 1459 2632 pars,
1478 2601 1549 2622 sors
1567 2593 1683 2622 totum

135 2643 272 2684 signum
306 2645 368 2673 est.
417 2652 530 2683 neque
564 2641 832 2683 ambiguitatem
865 2642 901 2673 in
935 2641 1065 2683 duplici
1096 2642 1206 2681 partis
1240 2642 1491 2682 significatione
1525 2641 1682 2673 uersibus

136 2694 201 2726 320
223 2697 259 2725 et
280 2695 356 2731 321,
380 2694 445 2725 324
465 2696 501 2725 et
524 2694 599 2731 328,
623 2694 687 2725 344
708 2697 745 2725 et
767 2694 843 2730 346,
866 2694 931 2725 360
952 2696 988 2725 et
1010 2694 1074 2725 362
1096 2692 1383 2725 reformidaturus
1405 2693 1473 2725 fuit
1494 2696 1599 2734 poeta
1620 2694 1681 2733 qui

135 2753 164 2776 11
184 2745 249 2776 328
269 2745 407 2785 triyinta
427 2744 579 2784 duplicat
596 2747 737 2784 partes,
753 2754 846 2784 pars
871 2745 967 2775 tertia
991 2744 1092 2776 deerit
1111 2743 1248 2776 dixerat
1268 2754 1309 2776 ea
1334 2754 1453 2776 sensus
1478 2744 1681 2775 diuersitate

136 2805 243 2836 quam
264 2796 299 2827 in
321 2795 549 2828 adnotatione
570 2795 743 2827 declaraui
835 2795 898 2826 322
920 2798 1110 2834 quicquam
1130 2799 1152 2827 L
1173 2795 1262 2827 sicut
1287 2796 1360 2837 ipse
1382 2805 1472 2827 anno
1496 2795 1580 2826 1903
1601 2805 1680 2826 con-

133 2848 294 2884 ieceram,
323 2850 511 2885 quisquam
548 2847 646 2879 GL²M
675 2847 815 2879 sublata
841 2857 884 2878 ex
912 2850 989 2879 toto
1023 2846 1191 2879 uersiculo
1228 2847 1412 2883 sententia,
1441 2849 1482 2878 ut
1510 2845 1683 2888 Scaligero
