1872 3183
547 161 1033 205 ASTRONOMICON
1065 161 1130 202 IV
1557 164 1575 200 1
1584 163 1608 201 3

238 273 433 315 materies
452 272 496 314 in
514 287 602 314 rem
622 276 793 328 superat
813 271 885 313 sed
904 271 992 327 lege
1011 276 1232 327 repugnat.

238 353 282 389 et
300 361 435 402 neque
453 351 682 402 paupertas
702 345 904 387 breuioris
922 345 1080 401 excipit
1099 359 1232 387 annos

137 430 181 461 90
237 436 312 463 nec
333 425 433 462 sunt
451 420 650 462 inmensis
670 420 820 476 opibus
838 419 1004 462 uenalia
1023 419 1127 469 fata,

237 495 311 537 sed
329 495 441 550 rapit
460 509 512 536 ex
531 499 646 536 tecto
665 494 791 536 funus
810 492 1000 536 Fortuna
1019 493 1199 549 superbo

236 569 468 624 indicitque
487 583 635 623 rogum
655 568 830 609 summis
849 567 1086 622 statuitque
1105 566 1355 622 sepulcrum.

236 647 445 698 quantum
465 647 529 683 est
548 642 627 683 hoc
647 656 834 697 regnum,
857 641 972 696 quod
992 642 1157 696 regibus
1176 641 1357 696 imperat
1376 640 1476 696 ipsis
1496 641 1504 681 !

235 717 338 773 quin
357 717 486 758 etiam
505 716 650 757 infelix
669 716 807 757 uirtus
826 720 870 757 et
888 715 1015 757 noxia
1035 715 1148 765 felix,

134 800 179 832 95
234 797 277 833 et
296 791 404 832 male
423 790 625 832 consultis
644 790 828 845 pretium
847 795 924 839 est,
945 789 1172 845 prudentia
1192 789 1302 831 fallit
1320 804 1330 839 3

234 880 310 907 nec
329 865 518 907 Fortuna
537 864 693 919 probat
711 878 860 905 causas
879 864 1152 918 sequiturque
1172 863 1370 905 merentis

234 939 308 981 sed
326 953 435 995 uaga
454 953 527 994 per
547 943 723 980 cunctos
742 938 858 980 nullo
878 938 1115 979 discrimine
1134 937 1280 979 fertur.

233 1013 390 1056 scilicet
409 1017 474 1055 est
493 1013 621 1062 aliud,
643 1012 757 1067 quod
777 1026 853 1053 nos
872 1017 1080 1067 cogatque
1100 1017 1316 1067 regatque,

234 1089 384 1138 maius,
405 1092 449 1129 et
468 1087 511 1128 in
531 1087 723 1142 proprias
742 1086 872 1128 ducat
891 1086 1087 1128 mortalia
1106 1087 1215 1142 leges

112 1171 177 1203 100
234 1162 529 1216 attribuatque
549 1176 646 1203 suos
666 1175 717 1202 ex
738 1176 782 1202 se
800 1161 1071 1203 nascentibus
1091 1175 1223 1202 annos

69 1280 177 1312 uerba
198 1280 331 1313 Manilii
352 1281 513 1313 Lucanus
533 1282 693 1313 imitatus
714 1280 854 1313 uidetur
874 1290 912 1312 lx
937 1281 977 1313 18
999 1281 1120 1312 inuicti
1139 1281 1254 1321 posuit
1276 1291 1309 1312 se
1330 1283 1436 1312 mente
1458 1278 1608 1311 Catonis.

70 1335 210 1363 mentem
226 1335 262 1363 et
281 1335 416 1364 mortem
432 1332 577 1364 confusa
596 1333 737 1364 memini
756 1333 793 1364 in
813 1332 913 1365 Ouid.
934 1336 1014 1364 met.
1037 1341 1074 1363 VI
1095 1333 1159 1364 629
1178 1335 1215 1364 et
1234 1342 1276 1364 ex
1297 1332 1398 1363 Pont.
1421 1340 1459 1363 IV
1482 1332 1519 1363 ll
1545 1331 1584 1362 19
1601 1341 1610 1367 ;

69 1383 156 1415 illud
167 1384 347 1416 ann01890
359 1383 477 1424 (Class.
494 1384 580 1415 Rev.
594 1392 632 1415 1v
643 1394 675 1425 p.
690 1385 768 1423 342)
781 1384 917 1415 restitui
930 1385 966 1415 in
980 1384 1069 1415 trist.
1083 1393 1106 1415 v
1118 1385 1136 1415 7
1152 1385 1190 1415 17
1202 1387 1278 1415 trux
1291 1384 1417 1421 uultus,
1429 1382 1610 1414 uerissima

71 1435 209 1466 mentis
229 1435 359 1476 (mortis
378 1435 492 1472 codd.‚
510 1434 637 1467 Martis
656 1435 747 1472 edd„
764 1435 858 1476 quod
884 1445 990 1476 quam
1008 1446 1079 1466 non
1096 1438 1219 1477 aptum
1244 1436 1291 1466 sit
1315 1434 1470 1466 ostendit
1487 1433 1608 1466 Claud.

70 1487 114 1518 26
134 1487 214 1526 468)
235 1486 367 1527 imaqo:
402 1486 449 1518 sic
471 1486 538 1518 Cic.
563 1486 605 1517 de
627 1497 673 1518 or.
698 1496 741 1518 111
762 1488 823 1518 221
847 1490 883 1518 et
904 1490 990 1518 orat.
1015 1487 1058 1518 60
1079 1487 1188 1527 imayo
1209 1487 1319 1518 animi
1340 1486 1466 1523 uultus,
1490 1485 1610 1517 Paeat.

69 1547 192 1579 paneg.
215 1538 256 1570 37
277 1539 298 1569 2
317 1540 354 1568 ut
373 1537 412 1569 in
431 1537 564 1578 speculo
578 1537 746 1578 frontium
766 1538 875 1578 imaqo
896 1541 993 1569 exstet
1013 1538 1214 1575 animorum,
1235 1538 1308 1579 ipse
1330 1537 1475 1570 Ouidius
1496 1539 1560 1568 art.
1583 1545 1612 1568 11

69 1590 135 1620 378
157 1589 196 1620 in
218 1588 316 1620 uultu
336 1588 481 1629 piqnora
504 1589 624 1620 mentis
646 1589 750 1627 habet,
773 1599 818 1620 ex
840 1588 942 1621 Pont.
967 1598 1011 1620 111
1033 1590 1054 1620 4
1077 1590 1118 1621 27
1141 1599 1254 1629 requm
1276 1588 1403 1627 uultus,
1426 1588 1613 1620 certissima

66 1640 212 1681 piqnora
234 1640 354 1671 mentis
443 1641 484 1670 88
502 1643 541 1672 in
557 1650 632 1672 rem
650 1644 711 1678 GL,
729 1643 843 1672 uirem
860 1644 894 1672 M
985 1644 1045 1672 sed
1069 1640 1180 1678 GL2M,
1198 1643 1259 1672 sed
1282 1643 1319 1672 in
1337 1644 1360 1671 L
1451 1640 1613 1671 materies

69 1692 115 1723 ad
143 1691 267 1723 Decios
295 1692 457 1724 Camillos
484 1692 634 1724 Catones
661 1691 838 1724 faciendos
866 1691 1005 1723 abunde
1032 1691 1170 1729 sufficit,
1198 1691 1259 1723 sed
1285 1691 1419 1729 eadem,
1447 1701 1490 1722 ne
1517 1691 1612 1722 omni

68 1746 226 1784 tempore
249 1743 347 1781 fiant,
371 1743 561 1774 secundum
584 1743 739 1775 fatorum
762 1743 872 1784 legem
895 1746 1067 1785 repugnat
1156 1743 1199 1774 90
1215 1742 1303 1784 sata,
1327 1744 1421 1774 uitae
1444 1742 1611 1784 spatium,

69 1797 111 1826 ut
131 1794 231 1827 Ouid.
256 1795 346 1826 trist.
368 1802 406 1825 1v
429 1795 468 1826 10
489 1795 530 1826 77
552 1794 622 1826 iam
641 1794 819 1835 complerat
838 1794 964 1834 qenitor
983 1804 1046 1825 sua
1059 1794 1146 1835 fata,
1168 1794 1249 1826 Luc.
1272 1803 1300 1825 11
1321 1795 1362 1825 65
1382 1793 1523 1825 uiuacia
1536 1793 1614 1834 fata

67 1848 213 1878 senectae
301 1845 342 1876 91
375 1855 418 1878 ex
449 1850 542 1878 tecto
568 1846 758 1883 Bentleius,
784 1850 946 1885 exceptos
972 1845 1050 1877 libri
1139 1849 1245 1877 funus
1267 1849 1328 1883 GL,
1352 1848 1458 1877 fumis
1490 1849 1523 1877 M

113 1900 263 1935 superbo
284 1896 384 1928 codd.
408 1896 497 1928 Flor.
525 1900 562 1929 et
589 1897 702 1935 Bodl„
724 1901 892 1935 superbos
914 1901 998 1929 GLM
1088 1897 1172 1929 locis
1194 1907 1214 1928 a
1236 1897 1394 1929 Bentleio
1416 1896 1612 1938 adscriptis,

69 1948 169 1990 Verg.
183 1948 267 1979 Aen.
275 1955 329 1979 vn
342 1949 381 1980 12
393 1948 484 1979 tectis
500 1972 507 1980 .
528 1972 535 1980 .
555 1972 562 1979 .
582 1948 745 1989 superbis,
754 1948 829 1980 Sen.
839 1948 918 1980 dial.
935 1957 975 1980 XI
991 1948 1031 1980 16
1045 1949 1066 1979 4
1078 1958 1179 1989 quam
1193 1948 1281 1980 nihil
1291 1957 1424 1980 sacrum
1435 1948 1611 1979 intactum-

67 2010 130 2040 que
152 1999 196 2030 sit
221 1999 400 2036 Fortunae,
423 2009 507 2040 quae
530 2010 567 2031 ex
591 2000 638 2030 eis
658 1999 838 2040 penatibus
860 2010 946 2031 ausa
975 2003 1021 2031 est
1042 1999 1169 2040 funera
1190 2000 1316 2037 ducere,
1341 2010 1378 2031 ex
1399 1999 1521 2040 quibus
1544 2002 1612 2030 erat

69 2051 146 2082 deos
164 2050 322 2091 petitura,
346 2050 428 2081 addi
449 2054 596 2092 possunt
619 2051 694 2083 Sen.
719 2051 798 2083 dial.
828 2060 851 2082 v
876 2053 919 2083 25
947 2053 962 2083 l
987 2052 1141 2092 aequiore
1161 2052 1276 2083 animo
1290 2051 1408 2093 filium
1428 2051 1467 2083 in
1487 2051 1611 2091 anyulo

63 2102 174 2143 fleuit,
191 2101 250 2142 qui
263 2102 351 2133 uidit
365 2102 480 2133 acerba
487 2102 613 2143 funera
630 2103 729 2133 etiam
744 2113 781 2134 ex
798 2103 889 2143 reqia
902 2103 990 2140 duci,
1007 2113 1089 2134 rem.
1104 2103 1185 2134 fort.
1204 2104 1244 2136 13
1262 2104 1281 2134 2
1298 2113 1393 2134 nemo
1407 2106 1497 2134 extra
1510 2103 1613 2134 ictum

69 2153 223 2185 uulneris
243 2153 376 2193 positus
400 2156 474 2184 est:
510 2153 677 2185 ducuntur
702 2164 738 2185 ex
761 2153 891 2194 plebeia
913 2154 1009 2186 domo
1033 2154 1215 2186 immatura
1232 2154 1369 2195 funera,
1394 2154 1562 2186 ducuntur
1586 2157 1614 2185 et

70 2214 108 2236 ex
131 2203 233 2244 reyia,
257 2204 349 2235 Man.
375 2212 398 2235 V
421 2205 486 2235 548
509 2205 657 2244 uirqinis
681 2208 708 2235 et
732 2205 835 2236 uiuae
857 2205 991 2245 rapitur
1013 2206 1086 2236 sine
1103 2205 1224 2246 funere
1241 2205 1372 2246 sunus:
1406 2205 1485 2245 rapi
1504 2205 1612 2236 etiam

70 2255 337 2287 Atheniensium
354 2254 480 2296 funera
500 2255 665 2287 dicuntur
688 2256 786 2287 Lucr.
810 2265 848 2287 VI
871 2257 966 2288 1225.
1014 2257 1134 2297 itaque
1155 2256 1241 2288 nihil
1262 2257 1354 2288 ultra
1375 2256 1613 2297 quaerendum

71 2310 160 2348 puto
186 2317 298 2348 neque
324 2317 367 2338 ex
393 2307 606 2338 Matritensis
632 2308 804 2348 scriptura
828 2307 1046 2339 efficiendum
1073 2308 1268 2340 ablatiuum
1294 2308 1342 2339 rei
1367 2307 1516 2339 indicem
1542 2317 1614 2348 qua

70 2357 227 2390 Fortuna
249 2357 416 2399 superbos
440 2359 592 2399 excipiat
694 2358 802 2389 94—99
826 2359 929 2390 Firm.
955 2367 969 2390 1
992 2360 1011 2390 7
1038 2360 1077 2390 13
1101 2359 1200 2390 etiam
1223 2368 1313 2390 nunc
1335 2359 1470 2399 deroqas
1487 2358 1561 2400 fato
1585 2361 1614 2389 et

68 2408 240 2440 stellarum
261 2408 334 2440 uim
349 2408 514 2440 obstinata
529 2409 741 2441 animositate
751 2410 943 2447 contemnis,
960 2419 1036 2441 cum
1051 2409 1169 2441 uideas
1183 2409 1342 2441 bonorum
1363 2410 1469 2442 matos
1492 2410 1613 2448 exitus,

71 2458 236 2490 malorum
249 2469 426 2500 prosperos
441 2463 534 2491 actus
548 2461 563 2492 ?
581 2484 588 2492 .
608 2484 615 2491 .
635 2484 642 2492 .
661 2461 704 2491 42
720 2460 816 2492 uides
831 2463 867 2491 'ut
882 2471 1009 2501 semper
1024 2460 1144 2501 ubique
1154 2460 1296 2502 fortuna
1310 2461 1498 2493 dominetur
1515 2462 1530 2492 :⁹
1547 2485 1554 2493 .
1574 2485 1582 2493 .
1603 2485 1610 2492 .

62 2509 165 2551 sortis
187 2509 227 2541 ab
249 2510 373 2549 iqnauo
394 2514 581 2551 superatur,
605 2511 726 2543 bonum
746 2512 930 2552 prostrauit
950 2511 1100 2552 inferior,
1123 2512 1210 2543 iusto
1232 2512 1364 2544 iustitia
1385 2523 1452 2544 non
1471 2512 1613 2554 profuit,

69 2563 182 2592 cautos
209 2561 424 2602 prouidentia
447 2572 545 2603 saepe
569 2563 704 2604 decepit,
728 2563 866 2604 pudicis
890 2573 928 2594 ac
953 2563 1073 2594 sobriis
1097 2563 1281 2604 inpudicus
1305 2573 1343 2595 ac
1368 2564 1551 2596 dissolutus
1574 2564 1613 2596 in

71 2612 206 2644 honoris
221 2612 380 2652 petitione
393 2613 566 2653 praelatus
583 2617 639 2651 est,
657 2614 765 2646 iacent
781 2615 919 2652 strenui,
938 2615 1119 2647 laudantur
1136 2615 1281 2656 inprobi,
1300 2618 1338 2653 et,
1356 2615 1519 2656 quidquid
1536 2615 1614 2647 huic

68 2663 208 2705 profuit,
234 2663 332 2695 illum
355 2664 493 2696 incauta
516 2665 702 2697 imitatione
726 2666 860 2706 decepit.
909 2666 987 2697 haec
1010 2666 1105 2697 nobis
1129 2666 1244 2698 omnia
1268 2666 1437 2698 stellarum
1460 2666 1613 2698 cursibus

67 2714 283 2756 conferuntur
378 2715 420 2746 96
452 2725 576 2748 causas
615 2717 690 2754 GL2,
720 2727 826 2749 causa
858 2720 915 2749 LM
1006 2727 1152 2759 prauam
1182 2718 1442 2749 distinctionem
1471 2718 1614 2750 sustulit

69 2766 272 2803 Bechertus,
291 2766 375 2798 ordo
400 2770 454 2798 est
475 2768 567 2799 enim
589 2778 708 2800 causas
730 2771 887 2800 merentes
902 2768 1021 2809 probat
1037 2769 1256 2810 sequiturque,
1276 2769 1318 2800 de
1341 2780 1410 2810 quo
1432 2769 1512 2801 uide
1534 2769 1579 2801 ad
1602 2779 1615 2801 1

69 2818 133 2849 269
161 2817 332 2849 adnotata
423 2818 485 2849 100
510 2828 546 2850 se
566 2823 792 2851 nascentibus
814 2820 889 2858 ΕΠ,
907 2823 1152 2852 enascentibus
1167 2824 1235 2852 LM.
1287 2821 1294 2833 ‘
1310 2822 1380 2862 qui,
1406 2820 1565 2853 dormant
1581 2821 1616 2852 la

66 2869 248 2901 naissance
265 2879 334 2901 aux
350 2869 517 2908 hommes,
535 2870 724 2903 determine
741 2871 884 2904 des-lors
901 2872 934 2903 la
956 2871 1059 2903 duree
1079 2871 1121 2903 de
1138 2871 1212 2904 leur
1236 2872 1302 2910 vie,
1323 2873 1371 2904 les
1397 2872 1613 2904 vicissitudes
